2098 3470
379 276 481 330 106
957 275 1055 321 Lib.
1086 275 1139 320 V.
1207 274 1422 334 Ospreos.

363 410 584 482 *pleatur
625 411 912 479 angularis.
955 410 1241 464 novissime
1281 409 1452 478 pisam
1493 408 1741 476 admittis,
1792 413 1847 461 ut
1883 408 1959 461 in-

376 489 459 538 tus
499 485 678 538 omnia
718 486 999 541 contineat.
1042 486 1251 554 Coques
1289 486 1343 538 in
1382 485 1533 537 furno
1563 485 1650 537 vel
1675 485 1818 538 lento
1851 483 1961 551 igni

375 559 603 627 inpones
645 564 698 613 et
737 560 901 613 ducat
940 560 1011 613 ad
1050 577 1108 613 se
1149 560 1410 613 deorsum.
1455 558 1571 612 Ova
1610 558 1742 611 dura
1775 558 1959 623 facieS,

321 704 323 706 η
375 633 559 687 vitella
600 633 778 701 eicies‚
818 635 872 687 in
911 634 1218 687 mortarium
1259 634 1432 686 mittes
1461 650 1579 687 cum
1607 633 1795 700 pipere
1818 633 1960 698 alb0,

376 707 599 775 nucleis,
642 710 816 775 melle,
858 709 981 761 vino
1024 707 1255 762 candido
1298 713 1349 761 et
1396 707 1683 774 liquamine
1731 706 1963 772 modic0,

375 786 517 834 teres
558 787 610 836 et
647 783 822 836 mittes
860 783 915 836 in
954 799 1049 835 vas
1089 787 1145 835 ut
1182 781 1405 835 ferveat.
1443 797 1560 835 cum
1587 780 1857 846 fervuerit,
1886 781 1962 850 pi-

375 872 489 908 sam
529 856 688 910 mittis
738 857 793 910 in
843 858 1054 910 lancem
1096 865 1147 910 et
1196 856 1298 911 hoc
1349 856 1462 911 iure
1512 855 1805 927 perfundis,
1861 854 1963 910 hoc

375 929 457 985 ius
500 931 786 984 candidum
826 931 1144 1001 appellatur.

493 1006 614 1058 195.
679 1005 906 1058 Pisam
959 1005 1293 1058 indicam:
1347 1003 1520 1072 pisam
1573 1019 1788 1071 coques.
1846 1018 1964 1055 cum

379 1077 799 1147 despumaveriS,
865 1096 1081 1150 porrum
1134 1084 1186 1132 et
1238 1078 1574 1131 coriandrum
1627 1075 1865 1131 concidis
1915 1080 1966 1131 et

377 1152 538 1206 mittis
577 1153 632 1206 in
672 1155 962 1208 caccabum
1013 1158 1070 1206 ut
1119 1153 1340 1207 ferveat.
1395 1157 1447 1206 et
1498 1151 1733 1221 accipies
1786 1150 1966 1219 sepias

379 1227 608 1281 minutas
649 1228 726 1282 sic
766 1227 1032 1296 quomodo
1074 1233 1196 1281 sunt
1234 1244 1352 1281 cum
1405 1231 1701 1280 atramento
1745 1242 1857 1291 su0,
1911 1228 1968 1277 ut

376 1300 531 1353 simul
572 1308 882 1369 coquantur,
923 1301 1126 1355 adicies
1163 1302 1354 1368 oleum,
1395 1301 1666 1368 liquamen
1693 1304 1745 1353 et
1769 1299 1966 1363 vinum,

376 1374 687 1430 fasciculum
727 1376 872 1445 porri
925 1381 977 1429 et
1033 1376 1311 1430 coriandri.
1368 1375 1536 1428 facies
1591 1380 1645 1427 ut
1696 1378 1966 1441 coquatur.

379 1465 497 1504 cum
540 1456 746 1507 coctum
796 1450 970 1518 fuerit,
1023 1455 1164 1505 teres
1215 1450 1387 1520 piper,
1439 1448 1740 1518 ligisticum,
1795 1447 1967 1516 origa-

378 1633 431 1674 ut
462 1633 602 1674 antea
634 1628 832 1674 obsonia
854 1627 1029 1684 scripta
1047 1641 1127 1684 ap-

377 1689 509 1740 tabis,
554 1688 705 1733 donec
742 1701 826 1732 vas
867 1688 1126 1743 impleatur.

374 1748 563 1792 tandem
594 1748 697 1803 pisa
728 1752 1018 1804 superstrata
1048 1761 1128 1791 no-

373 1808 609 1852 vissimum
643 1808 817 1852 corium
852 1806 939 1851 fac.
977 1820 1127 1863 coque

376 1880 477 1911 eam
510 1880 723 1919 massam,
757 1871 938 1911 coctam
962 1867 1007 1910 in
1031 1866 1126 1910 lan-

375 1939 473 1971 cem
517 1940 652 1971 versa
693 1939 887 1983 eamque
918 1926 1015 1970 iure
1049 1926 1126 1970 de-

374 1986 548 2041 scripto
583 1986 784 2031 candido
816 1984 1124 2042 perfunde.—

372 2045 560 2090 isicia
591 2048 717 2090 min.
757 2047 856 2090 171.
893 2046 989 2089 173.
1027 2045 1125 2088 175.

373 2103 431 2148 fa
446 2118 483 2149 c.
521 2106 824 2161 quadrata
852 2104 1126 2149 tessellatim

374 2164 607 2209 concides.
633 2190 682 2195 --
706 2164 861 2208 malim
895 2177 1017 2207 cum
1049 2164 1126 2207 iu-

372 2236 434 2268 re
466 2224 590 2268 illo.
627 2249 680 2262 ÷
725 2235 888 2267 assas
927 2223 1036 2267 add.
1071 2235 1127 2266 ex

371 2283 578 2335 fietcod.
612 2282 1037 2338 hum—porros
1070 2295 1126 2325 ex

371 2355 468 2398 par.
504 2347 551 2386 et
582 2341 703 2386 hum.
737 2356 820 2398 pro
853 2355 1049 2397 porro.
1070 2366 1123 2371 —

372 2401 528 2445 malim
562 2414 628 2446 ex
660 2413 851 2457 aequa
879 2414 915 2445 c.
944 2400 1121 2444 ad309.

372 2485 426 2492 —-
459 2461 605 2505 verba
640 2460 752 2513 „lias
781 2486 831 2490 «-
850 2458 1120 2515 profundis“

371 2523 479 2563 sunt
511 2533 568 2564 ex
599 2523 630 2570 β
652 2524 697 2564 et
717 2518 839 2563 hum.
863 2544 914 2548 —
941 2531 1123 2562 omen-

369 2580 449 2623 tis
481 2578 721 2634 particulis
763 2578 914 2633 adipis
946 2578 1124 2633 porcini

369 2638 447 2694 qui
478 2638 687 2682 nascitur
718 2637 777 2681 ab
802 2641 989 2681 omento
1021 2650 1123 2680 ver-

367 2697 624 2753 naculeque
652 2697 820 2740 dicitur
839 2696 1029 2751 lappen-
1051 2695 1126 2739 vel

367 2754 704 2813 gekroesefett‚
728 2768 820 2811 quo
851 2754 1013 2811 pingui
1042 2768 1124 2798 no-

368 2815 534 2860 biliore
566 2814 745 2870 patella
769 2815 1124 2870 circumquaque

369 2873 605 2928 unguitur,
646 2886 704 2917 ne
752 2885 905 2917 massa
952 2872 1123 2916 adhae-

370 2937 524 2985 rescat
539 2946 689 2989 neque
712 2936 885 2984 uratur,
918 2931 1001 2976 sed
1018 2931 1122 2976 bre-

1220 1628 1266 1672 vi
1299 1632 1453 1672 crusta
1485 1626 1692 1672 formosa
1714 1631 1767 1671 ut
1783 1627 1967 1672 existat.

1220 1713 1272 1717 ——
1317 1686 1627 1743 angularis
1670 1686 1847 1742 patella
1894 1699 1969 1731 ae-

1217 1759 1305 1791 nea
1343 1759 1371 1790 a
1413 1746 1562 1791 forma
1605 1746 1816 1802 angulari
1859 1745 1890 1790 i.
1930 1759 1967 1790 e.

1218 1807 1446 1862 quadrata
1478 1807 1545 1850 sie
1577 1806 1703 1850 dicta
1735 1806 1833 1850 265.
1866 1806 1967 1849 206.

1216 1891 1273 1896 —-
1318 1871 1383 1909 ut
1423 1877 1603 1922 supra
1644 1865 1780 1910 codd.
1815 1890 1869 1896 -
1909 1869 1971 1909 ut

1218 1924 1398 1969 ducat
1470 1925 1604 1969 codd.
1670 1950 1724 1956 —
1804 1925 1970 1969 ocius

1219 1985 1551 2088 gfanssbcodd.
1586 1989 1634 2030 et
1676 1983 1749 2028 ed.
1782 1983 1968 2028 mediol.

1307 2104 1367 2147 ad
1417 2104 1514 2148 195.
1579 2102 1838 2147 indicam
1872 2115 1968 2146 co-

1218 2162 1316 2207 lore
1363 2163 1517 2207 indico
1566 2175 1647 2206 seu
1694 2163 1843 2217 nigro,
1891 2162 1970 2217 qui

1217 2223 1422 2266 nascitur
1481 2236 1537 2266 ex
1591 2220 1801 2266 adhibito
1830 2221 1968 2264 atria-

1217 2285 1372 2325 mento
1412 2282 1656 2337 sepiarum.
1699 2280 1828 2335 sepia
1866 2279 1968 2323 offi-

1217 2340 1377 2384 cinalis
1423 2345 1470 2384 et
1508 2340 1638 2395 sepia
1681 2339 1859 2394 sepiola
1890 2352 1968 2395 sy-

1215 2400 1439 2451 stematis,
1473 2394 1758 2450 kuttelfisch‚
1800 2397 1967 2442 kiikel-

1214 2472 1372 2510 wurm,
1406 2459 1490 2503 sub
1523 2461 1684 2502 ventre
1707 2456 1966 2501 folliculum

1214 2518 1348 2573 nigro
1391 2517 1570 2573 liquore
1612 2517 1839 2572 repletum
1885 2515 1964 2558 ha-

1213 2577 1309 2627 bet,
1343 2575 1557 2629 σηπέδονι,
1601 2574 1721 2619 unde
1753 2574 1966 2618 animalis

1213 2649 1394 2686 nomen,
1428 2636 1553 2692 quod
1581 2633 1844 2689 ὑπόσφαγμα
1867 2633 1964 2677 vul-

1216 2708 1279 2751 go
1322 2696 1466 2747 μέλαν,
1509 2697 1816 2737 atramentum
1855 2692 1965 2737 dici-

1216 2758 1291 2797 tur
1338 2758 1385 2797 et
1430 2753 1579 2809 pisam
1624 2752 1758 2809 nigro
1808 2751 1965 2796 colore

1215 2812 1402 2856 afficere
1449 2811 1654 2867 periculo
1701 2824 1792 2855 non
1836 2809 1963 2869 facto

1215 2871 1409 2927 quisque
1453 2870 1624 2915 credet.
1671 2884 1726 2914 eo
1770 2869 1965 2925 tingitur

1214 2944 1303 2978 non
1337 2930 1483 2975 minus
1525 2930 1642 2975 bene
1682 2941 1817 2989 quam
1850 2929 1961 2975 alibi
