2098 3470
698 285 796 331 Lib.
820 286 875 331 V.
941 286 1154 345 Ospreos.
1604 284 1708 340 105

237 422 354 475 193.
398 421 585 476 Pisa.
648 421 826 475 Pisani
868 437 1081 488 coques.
1126 437 1243 474 cnm
1285 418 1706 488 despumave1·iS‚

118 512 350 565 porrum,
394 496 730 550 coriandrum
771 500 822 549 et
864 495 1109 549 ciminum
1149 511 1310 565 supra
1348 494 1524 548 mittis.
1566 498 1707 551 teres

119 570 288 641 piper,
329 571 611 638 ligisticum
655 570 885 642 [careum
919 569 1021 622 hoc
1050 574 1130 623 est
1159 566 1431 639 caravita],
1474 585 1704 636 careum,

119 650 348 713 anetum,
399 646 623 699 ocimum
675 645 859 711 viride,
921 643 1194 697 suffundes
1245 642 1530 710 liquamen,
1583 643 1706 697 vino

121 725 173 773 et
210 719 495 786 liquamine
534 719 872 788 temperabis
915 718 1084 772 facies
1111 723 1168 771 ut
1193 717 1412 771 ferveat.
1457 734 1573 771 cum
1603 717 1706 772 fer-

118 794 303 860 vuerit,
346 794 590 861 agitabis.
633 794 678 848 si
718 793 844 860 quid
885 792 1128 860 defuerit,
1178 791 1353 846 mittes
1402 796 1454 846 et
1491 791 1705 847 inferes,

233 869 351 921 194.
393 868 620 922 Pisam
650 868 861 921 farsil
881 885 1003 921 cm:
1047 883 1262 934 coqueS,
1291 866 1374 920 cui
1396 866 1570 920 oleum
1594 866 1707 921 mit-

114 941 195 995 tis.
275 941 555 996 Abdomen
599 947 645 996 et
688 942 847 995 mittis
886 942 940 994 in
982 942 1291 1007 caccabum,
1346 940 1614 1007 liquamen
1655 946 1709 996 et

115 1032 330 1085 porrum
385 1017 690 1086 capitatum,
762 1016 1095 1070 coriandrum
1149 1014 1334 1082 viride,
1388 1015 1600 1083 inponis
1652 1020 1708 1068 ut

116 1095 386 1157 coquatur.
441 1091 592 1146 isicia
645 1091 845 1143 minuta
896 1091 1063 1144 facies
1114 1089 1375 1157 quadrata
1417 1094 1469 1143 et
1508 1106 1707 1157 coques

115 1164 267 1218 simul
319 1165 502 1219 turdos
554 1167 641 1220 vel
700 1166 935 1220 aucellas
975 1166 1062 1219 vel
1102 1165 1170 1218 de
1209 1164 1354 1233 pullo
1397 1164 1615 1218 concisa
1656 1169 1709 1219 et

118 1240 384 1293 cerebella
423 1257 592 1309 prope
633 1245 786 1294 cocta
829 1254 947 1293 cum
986 1239 1210 1295 iuscello
1254 1255 1467 1305 coques
1535 1239 1705 1293 Luca-

112 1313 262 1367 nicas
314 1331 480 1368 assas
560 1316 881 1368 Petasonem
938 1315 1107 1368 elixas
1202 1314 1396 1371 Porros
1451 1330 1518 1367 ex
1567 1329 1707 1380 aqua

114 1389 311 1455 coquis,
400 1390 723 1442 Nucleorum
780 1389 1007 1443 eminam
1061 1388 1228 1455 frigis.
1317 1388 1485 1441 Tei-es
1534 1388 1705 1456 piper,

111 1462 412 1530 ligisticum,
468 1463 762 1531 origanum,
817 1463 1080 1531 gingiber,
1131 1463 1214 1516 ius
1254 1462 1552 1515 abdominis
1591 1463 1705 1515 fun-

113 1535 210 1604 dis,
251 1537 367 1590 lias.
447 1538 774 1605 Angularem
804 1537 1039 1607 accipies
1074 1570 1140 1575 -
1187 1537 1491 1590 conversari
1530 1541 1708 1605 potest

113 1643 179 1649 ——
223 1616 275 1664 et
314 1612 536 1665 omentis
587 1612 743 1680 tegiS,
801 1613 976 1666 oleum
1014 1611 1311 1681 profundiS,
1364 1610 1561 1666 deinde
1612 1627 1705 1665 nu·

112 1685 255 1739 cleos
295 1687 542 1753 aspargis
584 1692 635 1740 et
675 1703 835 1755 supra
875 1687 1045 1758 pisam
1086 1686 1265 1754 mittis,
1307 1690 1363 1737 ut
1401 1690 1557 1754 tegas
1589 1684 1705 1739 fun·

110 1759 234 1812 dum
275 1760 548 1828 angularis
590 1766 642 1815 et
680 1761 755 1814 sic
800 1761 1058 1830 conponis
1087 1777 1250 1830 supra
1282 1760 1556 1828 petasonis
1590 1760 1704 1831 pul·

107 1851 225 1903 paS,
268 1851 473 1905 porros,
514 1836 785 1890 lucanicas
815 1835 1072 1890 concisas.
1107 1836 1295 1889 iterum
1323 1834 1495 1902 pisam
1522 1851 1704 1906 super·

108 1908 286 1961 mittis,
328 1910 454 1962 item
495 1910 709 1965 alternis
753 1910 964 1981 aptabis
1006 1910 1245 1978 obsonia,
1297 1925 1572 1977 quousque
1610 1908 1703 1961 im-

107 2042 325 2086 riutam
359 2043 461 2086 cod.
480 2042 600 2086 hum.
631 2044 752 2088 unde
769 2057 861 2088 me·

111 2102 240 2145 dicus
304 2102 490 2158 scripsit
553 2117 577 2146 c
589 2115 616 2146 a
630 2117 650 2145 r
663 2117 687 2147 e
703 2118 729 2147 0
743 2108 762 2146 t
775 2116 803 2146 a
816 2117 859 2146 m

109 2162 166 2205 de
199 2161 355 2205 radice
389 2162 508 2206 carei
535 2175 652 2217 quae
673 2168 861 2207 carecta

108 2225 302 2264 vocetur
333 2221 641 2276 interpretans
676 2227 723 2266 et
745 2222 858 2266 alte-

108 2294 206 2323 rum
231 2292 411 2324 careum
432 2280 489 2325 de
507 2281 712 2325 eiusdem
730 2282 859 2337 plan-

108 2344 186 2383 tae
218 2340 403 2384 semine.
439 2353 527 2395 ego
562 2340 703 2384 malui
735 2341 858 2384 unci-

106 2398 177 2441 nis
199 2398 454 2443 secludere.
487 2398 542 2442 cf.
565 2400 631 2442 74.
653 2425 706 2432 -·
728 2414 754 2444 0
772 2413 859 2457 cy-

107 2471 251 2501 mum
284 2457 355 2501 ed.
389 2471 456 2513 pr.
491 2458 545 2501 H.
696 2501 699 2503 ,

196 2516 256 2559 ad
294 2516 390 2559 194.
455 2517 522 2560 sic
553 2518 750 2573 imperat
784 2531 858 2562 co-

108 2589 248 2631 quus:
282 2575 428 2630 pisam
462 2580 514 2620 ut
546 2589 767 2621 summam
793 2578 859 2621 rei

107 2647 164 2677 ex
196 2635 301 2678 oleo
336 2647 482 2690 coque
515 2635 559 2678 in
592 2648 702 2680 vase
726 2648 859 2691 sepa-

107 2698 224 2745 rato,
264 2694 373 2737 item
417 2695 462 2737 in
506 2699 724 2749 separato
759 2708 858 2739 cac-

107 2753 226 2796 cabo
258 2753 488 2797 abdomen
515 2767 571 2798 ex
595 2755 857 2811 liquamine,

107 2825 262 2867 porro,
312 2813 571 2864 coriandro,
630 2814 857 2870 simulque

107 2870 286 2914 isiciola
336 2872 607 2916 tessellatim
657 2873 855 2924 concisa,

108 2929 270 2973 turdos
312 2930 386 2975 vel
430 2931 633 2976 aucellas
665 2932 855 2989 pulpam

952 2043 1174 2099 pullinam
1220 2047 1267 2087 et
1310 2042 1554 2094 cerebella,
1602 2055 1704 2087 aro-

952 2108 1079 2146 mata
1111 2102 1243 2146 adice
1275 2103 1408 2158 piper
1440 2103 1613 2152 tritum,
1651 2102 1703 2146 li-

951 2163 1199 2218 gusticum,
1219 2163 1460 2219 origanum
1473 2162 1700 2218 gingiber.

952 2222 1119 2266 deinde
1152 2234 1258 2266 assa
1290 2222 1536 2272 lucanicas,
1568 2221 1703 2266 *elixa

949 2286 1247 2337 petasonem,
1311 2294 1459 2338 coque
1520 2294 1702 2337 porros,

950 2340 1069 2397 frige
1103 2340 1304 2385 nucleos.
1339 2345 1436 2384 tum
1468 2341 1514 2384 in
1532 2339 1702 2386 formu-

950 2400 1009 2451 la,
1058 2406 1306 2456 postquam
1364 2401 1461 2444 eius
1508 2398 1700 2444 fundum

951 2460 1148 2503 omentis
1196 2460 1378 2511 texisti,
1433 2458 1701 2517 oleumlsu-

951 2518 1062 2562 disti
1109 2522 1157 2562 et
1209 2518 1398 2563 nucleos
1445 2518 1700 2574 aspersisti,

951 2582 1135 2622 exstrue
1175 2590 1403 2621 massam:
1446 2578 1594 2633 primo
1632 2578 1691 2633 pi-

950 2649 1047 2680 sam
1066 2641 1246 2681 coctam
1264 2637 1411 2688 mitte,
1444 2649 1698 2693 supeream

951 2709 1176 2751 compone
1239 2697 1478 2751 petasonis
1541 2696 1700 2741 elixati

947 2755 1129 2811 pulpas,
1171 2768 1334 2811 porros
1368 2760 1540 2800 coctos.
1575 2756 1698 2800 luca-

946 2815 1074 2858 nicas
1133 2819 1315 2859 assatas
1373 2819 1421 2859 et
1474 2816 1697 2866 concisas,

947 2874 1112 2917 iterum
1140 2874 1288 2929 pisam
1308 2875 1580 2930 supermitte
1598 2879 1697 2918 tan-

947 2945 1083 2990 quam
1103 2945 1270 2978 novam
1291 2937 1556 2987 straturam,
1590 2933 1696 2980 dein
