2098 3470
366 304 471 361 134

904 305 1005 352 Lib.
1029 304 1128 350 VII.
1183 304 1419 352 Politeles.

478 440 602 493 263.
658 440 732 492 In
772 439 1000 494 'ficato
1050 456 1498 508 oenogarum:
1540 440 1711 509 piper,
1751 438 1949 505 timum,

361 513 664 582 ligisticum‚
706 513 990 582 liquamen,
1032 515 1208 566 vinum
1247 513 1474 580 modice,
1518 515 1704 568 oleum.

476 589 600 640 264.
644 587 842 641 Aliter:
883 588 1097 641 ficatum
1137 587 1404 656 praecidis
1457 587 1526 640 ad
1580 605 1821 652 cannam,
1874 586 1951 638 in-

361 660 540 714 fundis
578 661 634 713 in
675 661 977 727 liquamine.
1024 662 1193 731 piper,
1247 661 1547 728 ligisticum‚
1602 663 1767 714 bacas
1818 660 1953 712 lauri

361 734 495 787 duas
553 734 800 788 involves
839 735 893 788 in
946 740 1233 804 augmento
1290 740 1342 788 et
1391 735 1445 787 in
1499 734 1751 790 craticula
1802 749 1952 788 assas

365 813 419 862 et
454 807 669 862 inferes

360 940 494 985 dum“
540 944 756 996 recteque
799 952 900 983 oum
934 939 1114 985 Scrive-

360 1000 430 1044 r10
464 998 579 1044 facit
610 999 725 1043 Bast
758 998 819 1042 ad
850 999 1114 1053 Boettigeri

358 1059 434 1103 Kl.
469 1057 586 1103 schr.
620 1058 687 1101 III
729 1071 772 1113 p.
808 1058 908 1100 223.
951 1056 1112 1101 heci-

357 1131 461 1163 nus
493 1118 652 1168 insex,
686 1117 933 1162 eclimus
953 1116 1023 1160 ed.
1044 1130 1109 1172 pr.

360 1175 416 1224 of.
455 1177 552 1221 133.
587 1176 836 1220 425-429,
871 1175 972 1219 440.
1023 1175 1111 1219 sal-

359 1249 459 1281 sum
509 1249 612 1280 eum
661 1234 826 1279 fecisse
873 1235 1111 1279 Romanos

360 1295 630 1350 salibusque
675 1293 937 1338 condidisse
969 1305 1110 1349 appa—

360 1358 433 1398 ret
466 1367 523 1398 ex
554 1353 735 1397 Pallad.
773 1354 812 1403 2,
849 1353 915 1395 16.
967 1353 1033 1403 13,
1069 1353 1107 1394 6.

358 1413 470 1457 Hor.
506 1417 592 1456 sat.
629 1414 671 1463 2,
703 1412 744 1463 4,
781 1413 849 1455 33.
886 1412 927 1461 2,
961 1411 1002 1461 8,
1039 1411 1109 1454 52.

357 1472 512 1516 Iuven.
547 1471 589 1522 4,
626 1471 722 1515 143.
756 1469 928 1514 Athen.
963 1471 1006 1521 3,
1038 1470 1107 1513 41.

357 1530 526 1575 Rader.
547 1530 608 1574 ad
625 1530 758 1574 Mart.
780 1531 849 1579 13,
867 1529 933 1572 86.
954 1542 1110 1573 mense

357 1590 573 1634 Ianuario
632 1589 797 1633 iustam
859 1586 1109 1631 confectio-

357 1662 461 1692 nem
505 1648 741 1703 accepisse
782 1660 837 1691 ex
870 1646 1043 1690 Colum.
1071 1648 1112 1697 2,

360 1708 427 1751 16.
461 1711 654 1763 propter
686 1719 776 1750 ova
808 1719 841 1749 s.
869 1705 1019 1749 colum
1039 1719 1113 1749 co-

359 1779 534 1811 mesum
608 1770 767 1810 monet
827 1763 1111 1808 Aristotcles

358 1825 465 1869 hist.
501 1838 574 1869 an.
609 1825 652 1877 5,
688 1825 756 1868 12.
793 1823 895 1867 coll.
918 1824 975 1867 de
992 1828 1111 1879 part.

358 1884 493 1928 anim.
528 1884 570 1936 4,
603 1884 642 1927 5.
681 1909 731 1913 —-
767 1896 876 1939 quo
910 1883 1114 1926 suitur

359 1943 494 1988 codd.
543 1942 768 1987 volebant
822 1955 945 1985 cos.
995 1942 1021 1984 i.
1072 1955 1111 1985 e.

359 2015 483 2046 cons.
521 2027 573 2032 --
619 2001 823 2045 alleco
858 2000 993 2044 codd.
1027 2000 1111 2043 al-

357 2061 490 2105 lece
523 2060 593 2105 ed.
629 2074 695 2116 pr.
717 2061 772 2103 H.
808 2058 864 2103 cf.
892 2060 991 2102 288.
1010 2058 1110 2103 431.

361 2120 420 2164 de
454 2133 509 2164 eo
543 2132 662 2176 garo·
692 2131 849 2164 crasso
872 2131 1020 2174 neque
1039 2131 1113 2162 co-

358 2179 456 2223 lato
495 2181 563 2234 (at
596 2177 652 2222 cf.
687 2178 807 2231 288.)
851 2177 980 2221 locus
1024 2177 1114 2232 pri-

358 2238 528 2282 marius
560 2237 699 2280 Plinii
728 2238 800 2288 31,
824 2236 895 2280 95.
931 2235 1114 2291 Geopo-

357 2297 444 2340 nic.
480 2297 550 2347 20,
582 2296 655 2347 46,
689 2297 728 2339 2.
764 2309 864 2339 cum
898 2295 990 2338 Ien.
1024 2295 1110 2337 Lit.

358 2356 472 2400 Zeit.
509 2356 636 2398 1833.
671 2368 791 2398 num.
826 2355 898 2403 27,
932 2367 974 2407 p.
1010 2353 1110 2396 214.

358 2413 485 2458 Iahn.
520 2413 672 2457 Iahrb.
710 2413 835 2456 1838.
871 2412 1029 2455 XXIII
1066 2426 1110 2467 p.

360 2473 463 2516 458.
497 2473 697 2528 interpp.
732 2472 793 2515 ad
824 2472 935 2514 Hor.
965 2475 1050 2514 sat.
1071 2472 1112 2522 2,

359 2532 402 2583 4,
439 2532 507 2575 73.
543 2531 647 2575 coll.
683 2531 753 2574 65.
796 2556 842 2560 —
888 2542 1113 2584 senape

360 2589 496 2635 codd.
535 2603 647 2633 corr.
685 2594 732 2633 et
766 2590 863 2632 127.

447 2649 509 2692 ad
541 2648 641 2692 264.
686 2646 937 2692 ficatum
971 2662 1112 2687 ovum-.-

358 2706 451 2755 τὸν,
498 2703 598 2751 ficis
646 2707 790 2750 aridis
846 2706 1111 2761 saginatum

359 2765 455 2810 scil.
490 2766 617 2810 iecur
643 2766 833 2815 anseris,
866 2765 987 2809 unde
1005 2765 1112 2808 Itali

359 2837 491 2869 suum
509 2823 687 2880 fegato,
711 2824 905 2879 Hispani
922 2822 1111 2879 higado,

361 2882 485 2927 Galli
527 2882 620 2928 foie
661 2882 835 2927 habent
878 2886 925 2926 et
971 2882 1112 2926 Grae-

361 2941 451 2986 OUll
484 2941 617 2982 σικὸτι
650 2942 781 2997 (Diez
814 2955 859 2996 p.
883 2940 981 2985 140.
1021 2942 1111 2985 DU-

1205 939 1355 985 fresne
1386 940 1452 984 111
1494 954 1538 996 p.
1572 941 1706 994 279).
1754 940 1815 984 ad
1857 954 1951 984 rem

1206 998 1265 1043 cf.
1298 999 1415 1043 Plin.
1442 999 1483 1050 8,
1503 1000 1602 1043 209.
1636 999 1814 1043 Pallad.
1839 1000 1953 1050 1‚3O

1203 1054 1278 1101 fin.
1325 1058 1534 1113 Geopon.
1579 1058 1648 1108 14,
1694 1059 1764 1108 22,
1804 1059 1842 1101 8.
1882 1059 1949 1101 11.

1205 1131 1305 1161 cum
1348 1117 1544 1172 interpp.
1589 1122 1636 1160 et
1668 1118 1829 1161 Horat.
1863 1122 1949 1161 sat.

1204 1177 1246 1227 2,
1289 1177 1330 1227 8,
1365 1177 1435 1220 88.
1487 1200 1541 1206 —-
1590 1176 1660 1219 ad
1709 1189 1950 1220 cannam

1205 1235 1352 1279 cultro
1420 1247 1609 1278 canneo.
1674 1247 1820 1279 canna
1870 1249 1953 1279 seu

1204 1294 1425 1337 arundine
1447 1299 1585 1337 acuta
1606 1289 1794 1338 ficatum
1811 1294 1952 1338 aliae-

1203 1366 1290 1408 que
1323 1366 1395 1397 res
1428 1352 1720 1404 secabantur,
1752 1366 1809 1397 ne
1827 1352 1950 1397 ferro

1201 1408 1495 1456 inficerentur
1553 1412 1808 1467 vitiumque
1859 1417 1951 1455 tra-

1200 1470 1376 1515 herent.
1434 1471 1633 1528 cydonia
1682 1483 1830 1514 canna
1876 1471 1950 1515 vel

1202 1529 1342 1574 ebore
1393 1530 1601 1574 dividere
1649 1542 1721 1585 ap.
1771 1530 1949 1573 Pallad.

1200 1590 1241 1640 3,
1262 1589 1332 1640 25,
1351 1590 1420 1633 25.
1453 1589 1655 1632 lacertae
1673 1590 1798 1632 iecur
1815 1593 1952 1632 acuta

1204 1652 1336 1703 parte
1370 1660 1544 1691 cannae
1562 1647 1726 1692 tollere
1744 1660 1817 1703 ap.
1835 1648 1952 1691 Mar-

1206 1707 1306 1750 cell.
1343 1707 1473 1762 Emp.
1518 1707 1574 1748 22
1616 1702 1693 1750 fin.
1736 1706 1951 1750 catellum

1203 1765 1453 1810 lactentem
1502 1766 1559 1809 de
1608 1778 1756 1808 canna
1793 1765 1953 1810 occide

1205 1829 1251 1869 et
1301 1825 1357 1868 de
1406 1825 1507 1880 ipsa
1556 1837 1700 1868 canna
1747 1824 1952 1880 splenem
2005 1870 2022 1879 -

1205 1884 1303 1928 eius
1336 1884 1465 1935 tolle,
1508 1883 1567 1927 ib.
1604 1884 1660 1927 23
1692 1880 1766 1927 fin.
1803 1884 1952 1927 olivas

1203 1942 1479 1986 intercidere
1511 1946 1648 1986 acuto
1683 1943 1859 1986 calamo
1878 1955 1950 1997 ap.

1203 2001 1384 2045 Pallad.
1437 2002 1515 2051 12,
1564 2003 1636 2053 22,
1683 2003 1724 2044 3.
1775 2002 1952 2045 scillam

1204 2061 1426 2104 arundine
1458 2061 1504 2103 in
1535 2066 1693 2116 partes
1712 2060 1953 2104 concidere

1205 2132 1278 2175 ap.
1312 2119 1533 2174 Pelagon.
1565 2120 1619 2162 12
1651 2132 1693 2174 p.
1720 2119 1789 2163 55.
1824 2119 1952 2162 lima-

1206 2192 1307 2223 cum
1327 2179 1482 2233 capita
1498 2178 1707 2233 praecisa
1731 2178 1954 2222 arundine

1206 2250 1279 2292 ap.
1313 2237 1429 2280 Plin.
1462 2237 1534 2289 30,
1569 2238 1667 2280 101.
1714 2236 1771 2280 cf.
1804 2249 1876 2280 me
1907 2237 1954 2279 in

1208 2295 1375 2340 Olerib.
1413 2297 1434 2338 1
1468 2309 1511 2350 p.
1550 2296 1616 2338 16.
1649 2321 1700 2326 —
1738 2295 1795 2339 de
1822 2307 1953 2350 prae-

1203 2368 1301 2410 pos.
1355 2354 1415 2397 ad
1464 2354 1561 2396 186.
1606 2379 1659 2385 —
1703 2359 1953 2409 antequam

1205 2417 1412 2463 assatur,
1485 2413 1703 2456 inciditur
1765 2413 1952 2456 cultello

1204 2472 1457 2515 arundineo
1507 2476 1558 2515 ut
1606 2472 1790 2526 penitus
1833 2485 1953 2516 com-

1203 2530 1340 2575 bibat
1370 2543 1544 2586 garum.
1610 2530 1814 2574 >Graecos
1846 2530 1953 2574 soli-

1206 2594 1280 2633 tos
1299 2602 1400 2633 esse
1420 2588 1538 2631 frixa
1550 2589 1753 2633 iocinera
1767 2593 1952 2633 omento

1204 2648 1415 2691 involuta
1461 2646 1628 2691 inferre
1686 2647 1954 2691 observavit

1202 2705 1477 2749 Athenaeus
1509 2707 1551 2755 3,
1585 2705 1654 2748 68.
1694 2706 1834 2757 ἣπατα
1867 2721 1951 2745 πε-

1205 2765 1469 2820 ριειλημμένα
1500 2766 1555 2818 τῷ
1582 2765 1825 2818 καλουμένῳ
1850 2763 1951 2803 ἒπί-

1205 2824 1311 2877 πλῳ.
1348 2823 1685 2878 -praecid
1711 2827 1819 2866 ante
1853 2835 1954 2866 cae-

1203 2881 1289 2933 dis,
1321 2882 1524 2937 pungis?
1558 2907 1612 2912 —-
1640 2887 1952 2926 aucmento

1203 2945 1251 2985 et
1281 2953 1509 2996 augum.
1531 2941 1643 2984 etin
1663 2958 1699 2996 γ.
1735 2953 1952 2984 acmen-
