2098 3470
372 321 474 372 146
891 319 991 363 Lib.
1025 319 1124 363 Vn.
1175 321 1412 365 Politeles.

480 453 603 504 296.
646 453 772 505 Lar
790 452 850 503 di
894 457 1208 505 coctura:
1251 441 1447 505 tectum
1475 467 1616 522 aqua
1644 469 1762 505 cum
1792 453 1955 504 multo

366 532 525 579 aneto
567 543 782 591 coqueS,
825 527 998 578 oleum
1036 526 1302 578 modicum
1345 526 1636 578 destillabis
1690 530 1742 578 et
1791 526 1956 578 modi-

367 617 484 652 cum
526 599 667 652 salis.

478 675 602 726 297.
681 673 1014 725 Iocinera
1071 672 1325 725 aedina
1384 674 1496 726 Vel
1553 671 1815 738 agnina
1880 673 1958 725 sic

368 764 596 813 coques:
639 763 834 813 aquam
873 747 1095 798 mulsam
1135 746 1302 799 facies
1344 751 1397 799 et
1436 763 1555 812 ova,
1597 750 1805 815 partem
1850 746 1958 798 lac-

365 822 431 873 tis
472 820 723 873 admiscis
765 821 840 873 eis
881 824 936 871 ut
974 820 1141 872 ineisa
1179 820 1418 873 iocinera
1445 822 1712 873 sorbeant.
1763 836 1960 885 coques

368 900 420 947 et
459 910 731 960 oenogaro
773 894 957 963 pipere
998 910 1220 964 asparso
1260 893 1474 947 inferes..

479 969 601 1021 298.
671 968 896 1020 Aliter
951 966 1306 1038 [iocinera]
1362 968 1423 1019 in
1475 965 1951 1035 pulmonibus:

368 1059 436 1095 ex
473 1043 613 1095 lacte
653 1042 803 1094 lavas
839 1042 1119 1108 pulmones
1161 1073 1227 1079 ——
1271 1046 1323 1094 et
1375 1041 1521 1094 colas
1563 1040 1706 1107 quod
1759 1057 1955 1108 capere

366 1121 589 1187 possunt
628 1147 697 1153 -—
740 1120 792 1168 et
831 1114 1122 1182 confringis
1163 1131 1265 1166 ova
1289 1114 1395 1167 dua
1423 1114 1604 1179 cruda,
1631 1113 1756 1167 salis
1787 1131 1957 1180 grana

367 1207 558 1261 pauca,
598 1190 770 1242 mellis
809 1189 1029 1255 ligulam
1070 1193 1122 1242 et
1162 1188 1386 1241 similam
1440 1188 1722 1242 conmiscis
1781 1193 1833 1240 et
1883 1188 1961 1240 in-

366 1265 484 1333 ples
522 1264 820 1332 pulmones,
865 1263 1034 1315 elixas
1077 1268 1128 1316 et
1170 1262 1424 1316 concidis,

369 1409 551 1454 duobus
599 1408 767 1460 fundis,
811 1422 1006 1466 quorum
1048 1409 1113 1452 in-

367 1469 524 1515 feriori
562 1468 790 1525 igniculus
830 1469 1115 1524 superimpo-

364 1528 578 1579 nebatur,
610 1528 837 1584 superiori
869 1529 967 1572 sive
999 1528 1114 1572 inte-

368 1587 479 1632 riori
511 1588 602 1631 cibi
646 1600 761 1644 quos
803 1587 1006 1642 igniculo
1040 1600 1115 1631 co-

368 1648 446 1703 qui
459 1647 691 1691 volebant.
706 1646 963 1699 ἰπνολέβητα
976 1647 1114 1690 etiam

368 1704 548 1751 confert
590 1707 646 1750 Is.
696 1705 886 1750 Vossius
928 1705 989 1749 ad
1032 1705 1116 1750 Ca-

366 1766 468 1810 tull.
511 1779 556 1821 p.
594 1765 696 1810 318.
741 1778 836 1821 seq.
878 1778 1017 1820 super
1058 1778 1114 1809 eo

371 1837 583 1881 „prunae
660 1824 861 1869 batillo“
934 1824 1116 1868 Horatii

367 1898 498 1928 serm.
538 1886 576 1935 1,
608 1885 650 1935 5,
682 1884 753 1927 36.
793 1884 991 1939 spongia
1024 1889 1116 1927 tor-

367 1948 493 1988 retur
524 1955 599 1999 ap.
632 1943 833 1987 Marcell.
877 1943 1010 1998 Emp.
1044 1943 1115 1986 27.

367 2017 413 2058 p.
450 2003 545 2046 127.
580 2002 623 2047 b.
666 2002 736 2046 ed.
781 2001 895 2046 Ald.
940 2002 1115 2046 batillis

368 2061 528 2107 ferreis
562 2061 865 2106 candentibus
906 2067 1114 2105 ramento

367 2121 588 2177 imposito
605 2125 848 2177 argentum
869 2120 995 2176 quod
1014 2133 1116 2164 can-

368 2181 526 2224 didum
573 2186 843 2236 permaneat
892 2180 1118 2235 probatur

367 2252 439 2295 ap.
475 2239 590 2282 Plin.
624 2240 696 2290 33,
727 2240 824 2283 127.
860 2246 908 2283 et
940 2239 1117 2294 experi-

368 2303 571 2343 mentum
619 2298 748 2342 aliud
794 2293 848 2341 fit
894 2299 967 2348 34,
1017 2299 1116 2341 112.

366 2357 744 2413 Wackernagelii
762 2357 803 2400 V
807 2357 989 2401 ocabul.
1007 2357 1113 2412 Opt.

368 2431 409 2472 p.
443 2419 509 2461 18.
547 2417 710 2470 „batus
744 2417 933 2460 batillus
965 2416 1115 2472 gluot-

367 2475 548 2521 ha.fen“.
601 2502 655 2508 —-
716 2475 957 2520 oblinas
1007 2489 1120 2519 corr.

367 2549 450 2591 pro
485 2535 751 2592 obligas.
789 2560 841 2567 -
878 2546 1123 2590 passum

368 2597 413 2639 in
445 2595 654 2650 plurimis
677 2594 825 2646 deest,
857 2595 896 2637 si
914 2608 998 2638 suo
1016 2594 1122 2638 loco

368 2660 448 2706 est,
468 2654 721 2709 explicabis
740 2653 958 2708 pandum,
988 2653 1120 2697 flach.

368 2739 421 2743 -
472 2714 652 2757 aliam
699 2719 934 2768 partem
984 2712 1119 2756 codd.

367 2797 425 2804 —-
458 2777 678 2828 pactas
711 2785 825 2816 corr.
860 2786 944 2827 pro
979 2771 1123 2816 frac-

368 2836 459 2876 tas
491 2832 566 2876 vel
601 2830 803 2875 factas
837 2829 892 2875 cf.
926 2831 1027 2874 302.
1063 2856 1116 2862 -

367 2896 596 2936 musteo
630 2903 728 2946 par.
765 2891 882 2934 unde
917 2890 1116 2934 conicias

367 2956 562 2997 musto
611 2949 814 2995 factas
861 2948 1113 2994 confectas.

1210 1434 1261 1439 ——
1295 1409 1604 1454 sorbuerit
1636 1413 1684 1453 et
1717 1422 1776 1453 re
1795 1421 1959 1453 cusa-

1208 1469 1359 1513 verit
1402 1468 1535 1513 codd.
1581 1468 1627 1512 in
1670 1482 1761 1512 uuo
1808 1468 1828 1516 ζ
1868 1482 1961 1512 re-

1208 1529 1548 1573 cusaverint
1580 1527 1706 1583 quod
1729 1532 1802 1572 est
1839 1541 1958 1580 „non

1206 1587 1469 1632 sorbuerint
1502 1600 1584 1631 seu
1616 1587 1928 1631 imbiberint“.

1297 1647 1357 1690 ad
1389 1648 1489 1691 296.
1534 1645 1714 1689 lardum
1749 1646 1823 1691 vel
1855 1646 1963 1689 lari-

1208 1706 1314 1749 dum
1349 1711 1420 1750 est
1453 1718 1560 1750 caro
1594 1705 1732 1748 suilla
1773 1718 1961 1761 quoquo

1206 1765 1347 1809 modo
1380 1765 1519 1809 salita
1552 1769 1600 1809 et
1633 1765 1825 1815 siccata,
1869 1763 1961 1809 Ve-

1206 1829 1300 1881 get.
1343 1824 1401 1868 de
1442 1838 1490 1868 re
1523 1824 1614 1868 mil.
1648 1823 1691 1875 4,
1726 1824 1764 1867 7.
1809 1823 1961 1867 larida

1208 1895 1316 1927 caro
1349 1884 1395 1927 in
1429 1883 1542 1928 Cod.
1576 1882 1811 1927 Theodos.
1847 1884 1888 1934 8,
1918 1882 1961 1933 4,

1210 1943 1278 1986 17.
1311 1942 1359 1986 id
1391 1948 1463 1988 est
1500 1942 1666 1997 λαρινός
1707 1942 1881 1986 Athen.
1918 1943 1962 1994 9,

1210 2003 1278 2045 18.
1324 2016 1417 2046 non
1462 2001 1620 2057 „large
1665 2001 1822 2045 arida“
1869 2014 1960 2046 sec.

1208 2061 1408 2105 Macrob.
1442 2066 1528 2104 sat.
1565 2062 1696 2112 7,12,
1720 2063 1759 2104 2.
1794 2059 1960 2116 speck-

1207 2119 1540 2176 poekelfieisch
1554 2120 1695 2164 vertit
1708 2121 1961 2164 Mommsen

1207 2179 1268 2223 ad
1296 2180 1446 2223 Edict.
1491 2180 1638 2223 Diocl.
1680 2193 1734 2235 p.
1772 2180 1840 2223 72.
1890 2180 1961 2222 73.

1208 2264 1263 2271 -
1297 2239 1326 2283 (1
1341 2252 1365 2283 e
1380 2238 1538 2282 still.
1573 2238 1961 2294 superinstillabis

1208 2311 1323 2342 corr.
1358 2311 1442 2354 pro
1477 2298 1701 2341 distill.

1295 2357 1356 2400 ad
1389 2357 1487 2400 297.
1536 2369 1684 2413 aqua
1715 2356 1958 2400 mulsam

1205 2415 1279 2460 ed.
1310 2430 1378 2472 pr.
1408 2417 1508 2460 282.
1530 2442 1583 2447 —-
1617 2420 1847 2472 partem
1864 2428 1960 2458 mo-

1215 2475 1366 2519 dicum
1414 2480 1465 2518 ut
1517 2476 1617 2519 160.
1666 2501 1721 2507 -
1768 2474 1963 2518 incisa

1214 2534 1403 2579 cultello
1450 2535 1524 2579 vel
1567 2548 1652 2579 acu
1684 2539 1869 2590 puncta.
1906 2558 1960 2565 —

1213 2607 1326 2697 {3⁶14}
1335 2595 1638 2650 ogaro299.
1669 2594 1843 2649 scripto
1860 2605 1962 2648 per-

1236 2667 1291 2696 un
1330 2667 1392 2697 es.

1301 2712 1363 2756 ad
1395 2712 1493 2755 298.
1553 2710 1643 2755 iam
1676 2710 1796 2754 vidit
1826 2709 1960 2754 Hum.

1212 2772 1493 2822 iocinera,
1536 2770 1662 2826 quod
1704 2770 1762 2814 de
1809 2769 1863 2812 iis
1895 2770 1962 2812 ni-

1208 2830 1271 2874 hil
1322 2830 1531 2881 docetur,
1580 2828 1838 2873 delendum.
1896 2841 1963 2872 ex

1207 2889 1245 2932 l.
1282 2889 1457 2933 lavas
1486 2889 1607 2933 lacte
1631 2886 1871 2944 perfundis
1891 2888 1961 2932 12.

1208 2974 1262 2981 -
1307 2954 1365 2993 et
1407 2947 1778 3004 parentheticum
1820 2958 1961 3004 saepe
