2098 3470
642 326 741 373 Lib.
774 325 854 373 IV.
915 327 979 371 Pa
987 326 1186 371 ndectes.
1668 324 1739 379 99

150 463 286 517 cies:
339 468 478 517 teres
518 462 689 534 piper,
732 460 1045 528 ‘ligisticum‚
1087 459 1320 526 fricabiS,
1363 458 1636 512 suffundes
1676 459 1735 512 li-

151 554 377 604 quamen
418 542 470 590 et
507 536 702 602 vinum,
742 551 904 605 passo
944 533 1268 603 temperabis
1296 534 1381 585 vel
1409 533 1531 586 vino
1561 532 1735 601 dulce,

148 611 471 681 temperabis
521 611 575 662 in
629 609 935 673 caccabum,
978 607 1138 659 mittis
1179 607 1283 660 olei
1324 605 1605 660 modicum.
1659 607 1737 660 fa-

152 685 260 737 cies
301 690 357 737 ut
394 684 614 737 ferveat.
659 699 775 735 cum
814 680 1082 747 fervuerit,
1124 681 1300 733 amolo
1335 681 1562 748 obligas.
1603 682 1737 751 pati-

150 776 272 811 nam
311 774 494 811 versas
542 757 597 809 in
635 757 861 822 lancem,
915 755 1042 807 folia
1081 755 1372 808 malvarum
1416 760 1539 808 ante
1578 755 1736 822 tollis,

151 848 423 899 oenogaro
474 829 765 902 perfundis,
818 830 1037 899 insuper
1088 829 1243 898 piper
1283 829 1527 898 aspargis
1569 834 1623 882 et
1659 829 1738 881 in-

148 905 306 959 feres

266 980 384 1033 182.
442 978 725 1032 Gustum
767 976 846 1030 de
888 976 1231 1031 oleribus:
1288 975 1509 1031 condies
1550 977 1738 1031 bulbos

148 1053 452 1120 liquamine,
495 1053 614 1106 oleo
656 1057 708 1105 et
745 1051 885 1104 vino,
928 1068 1045 1104 cum
1088 1050 1225 1104 cocti
1263 1051 1474 1117 fuerint,
1508 1050 1739 1105 iscinera

150 1128 373 1196 porcelli
427 1131 478 1180 et
530 1126 843 1194 gallinarum
900 1131 951 1178 et
998 1125 1243 1193 ungellas
1285 1130 1337 1178 et
1376 1125 1567 1179 scellas
1608 1124 1737 1178 divi-

151 1218 239 1255 sas
279 1234 350 1241 -—
387 1200 523 1255 haec
574 1200 751 1254 omnia
799 1216 916 1253 cum
963 1200 1136 1254 bulbis
1175 1198 1433 1253 ferveant.
1478 1216 1597 1253 cum
1636 1199 1739 1254 fer-

150 1332 303 1377 graec.
318 1320 512 1369 πουλίον,
524 1318 723 1370 turdum,
741 1312 901 1363 ficetu-

150 1379 257 1430 lam,
286 1379 516 1423 miliacam
545 1380 745 1434 (κέρχνην
765 1390 900 1434 grau-

151 1451 323 1482 ammer
371 1436 426 1481 cf.
469 1437 705 1482 Kaercher
746 1437 897 1494 Etym.

150 1497 284 1542 beitr.
318 1496 347 1540 4
378 1510 421 1552 p.
454 1496 544 1549 45.)
579 1522 632 1526 —
676 1509 744 1540 ex
774 1496 899 1540 iure

151 1556 272 1600 iuste
304 1555 373 1599 54.
410 1579 464 1587 -—-
495 1556 792 1611 promixta
823 1555 899 1599 vel

151 1615 455 1671 promisca
496 1615 589 1658 iam
635 1615 730 1658 141.
781 1627 897 1659 corr.

152 1688 236 1730 pro
278 1674 632 1730 praemixta.
669 1700 720 1703 —
765 1672 903 1717 laxa

152 1734 324 1785 laxata,
369 1737 503 1777 cocta
535 1733 681 1785 isicia,
723 1732 903 1788 gigeria

155 1798 240 1837 cet.
278 1818 330 1822 —
372 1792 647 1836 inversos
679 1805 772 1835 non
804 1805 902 1836 ver-

154 1865 248 1903 sos,
286 1865 378 1895 non
410 1856 630 1902 mutatos,
671 1864 763 1894 non
797 1864 902 1895 con-

157 1912 291 1962 cisos,
315 1911 536 1967 integros
571 1911 679 1955 olim
702 1910 902 1965 explica-

154 1970 260 2014 bam
295 1983 351 2013 ex
382 1969 689 2025 Theophrast.
715 1968 819 2013 hist.
839 1970 901 2025 pl.

158 2030 302 2081 7,12,
333 2030 373 2072 9.
410 2053 463 2058 —
508 2030 903 2073 damascenas

157 2088 293 2132 codd.
328 2091 375 2132 et
407 2087 509 2131 280.
532 2114 584 2118 -—
615 2089 904 2143 piretrum

157 2152 204 2192 et
256 2150 503 2203 peretrum,
566 2147 903 2202 pirretrum,

156 2210 491 2264 pyretrum‚
554 2205 903 2262 pyrethrum

158 2265 294 2310 codd.
340 2269 388 2308 et
428 2265 498 2308 45.
534 2266 633 2308 272.
670 2265 769 2308 274.
805 2266 902 2309 369.

157 2324 384 2382 pyritrum
428 2324 474 2367 in
506 2323 710 2368 Aethico
744 2325 905 2369 Hiero-

157 2383 283 2441 nymi
315 2383 385 2434 55,
411 2382 479 2426 14.
514 2383 802 2428 officinarum
822 2398 905 2441 py-

158 2442 300 2486 rethri
337 2441 483 2494 radix,
525 2442 635 2498 gall.
670 2443 904 2500 pyrethre,

158 2501 255 2545 ital.
314 2500 502 2557 pilatro,
555 2501 671 2557 hisp.
724 2503 907 2558 pelitre,

158 2560 293 2604 nobis
345 2559 733 2613 bertramwurzel‚
790 2574 908 2618 quae

161 2619 270 2675 quia
302 2623 443 2675 gustu
480 2618 788 2665 fervidissimo
823 2625 908 2672 est,

159 2681 399 2734 γευσαμένῳ
415 2679 741 2735 πυρωτικωτάτη
751 2680 908 2725 Dioso‚

161 2739 202 2788 3,
224 2738 290 2781 78.
326 2743 369 2781 et
401 2751 541 2794 supra
572 2738 642 2782 45.
677 2740 911 2783 minimum

162 2797 362 2840 addatur
404 2797 570 2842 suadet
613 2812 802 2854 coquus.
845 2799 913 2843 sic

163 2856 287 2906 olim,
329 2870 448 2899 nunc
491 2870 592 2900 cum
632 2857 911 2902 Dierbachio

163 2920 322 2957 nostro
366 2915 487 2958 Flor.
532 2918 637 2971 apic
672 2921 706 2969 ξ.
742 2918 812 2961 89.
847 2918 911 2960 in-

166 2978 395 3028 terpretor
421 2976 702 3019 artemisiam
721 2977 912 3020 dracun-

992 1317 1144 1362 culum
1177 1317 1273 1361 Lin.
1294 1317 1488 1375 dragun,
1521 1321 1742 1375 estragon

993 1377 1257 1422 culinarum.
1320 1402 1372 1408 -
1432 1391 1454 1422 s
1469 1392 1496 1422 u
1508 1376 1597 1421 ffu
1608 1391 1638 1421 n
1652 1378 1742 1423 dis

994 1437 1090 1481 179.
1112 1462 1155 1467 —-
1185 1437 1743 1493 commiscisexquin-

992 1509 1080 1551 que
1113 1496 1249 1540 codd.
1285 1521 1339 1527 -
1373 1496 1542 1541 ducit
1564 1510 1621 1541 ex
1645 1497 1743 1542 140.

989 1555 1122 1599 Hum.
1158 1569 1272 1599 corr.
1307 1568 1391 1611 pro
1426 1556 1589 1600 ducis
1618 1556 1745 1613 quod

989 1615 1056 1659 sic
1069 1613 1315 1659 defendam
1331 1632 1340 1657 :
1360 1629 1534 1671 coquus
1549 1629 1651 1660 cum
1662 1616 1743 1660 im-

993 1679 1210 1729 peratore
1234 1673 1539 1719 conferendus
1573 1675 1742 1731 (Plaut.

994 1733 1178 1777 Trucul.
1224 1735 1265 1785 2,
1311 1734 1350 1784 7,
1384 1734 1454 1778 54.
1501 1734 1566 1788 „si
1600 1739 1650 1778 tu
1683 1734 1744 1779 ad

994 1792 1223 1848 legionem
1267 1792 1470 1837 bellator
1512 1794 1652 1846 clues,
1697 1798 1747 1837 at

994 1865 1083 1908 ego
1116 1852 1162 1894 in
1191 1851 1342 1896 culina
1369 1852 1536 1897 Ares“.
1569 1852 1743 1898 Athen.

994 1912 1035 1965 9,
1069 1912 1138 1954 2⁵2.
1174 1925 1292 1955 vers.
1326 1911 1383 1955 43
1410 1913 1559 1968 seqq.)
1592 1912 1642 1956 id
1664 1926 1746 1968 gu-

993 1975 1113 2013 stum
1160 1970 1302 2022 ducit,
1352 1971 1481 2026 operi
1528 1972 1746 2027 primario

994 2034 1194 2084 praeest,
1228 2034 1279 2073 ut
1310 2030 1391 2073 alii
1424 2030 1632 2083 classem,
1677 2045 1748 2075 or-

996 2088 1141 2140 dines,
1174 2087 1323 2140 funus,
1358 2088 1561 2141 chorum,
1588 2090 1747 2134 ludum

996 2147 1183 2199 ducunt,
1234 2148 1359 2204 quod
1393 2153 1464 2192 est
1500 2150 1747 2205 principes,

996 2207 1137 2251 duces
1155 2212 1277 2259 sunt,
1294 2214 1530 2262 praesunt,
1550 2208 1625 2252 vel
1646 2222 1747 2252 cum

995 2271 1138 2322 poeta
1173 2265 1248 2321 (cf.
1282 2266 1454 2311 Athen.
1491 2269 1530 2319 1,
1567 2268 1620 2311 13
1649 2264 1747 2321 fin.)

997 2325 1075 2381 qui
1118 2339 1246 2380 epos,
1291 2339 1474 2370 carmen
1517 2327 1658 2371 ducit.
1695 2351 1749 2358 —-

997 2384 1172 2428 dulce
1212 2385 1257 2428 in
1291 2391 1508 2441 quatuor,
1542 2386 1604 2430 ad
1638 2385 1750 2430 Gar-

998 2443 1076 2499 gil.
1112 2457 1203 2487 cur.
1238 2444 1378 2488 boum
1410 2459 1453 2500 p.
1488 2446 1560 2489 41.
1593 2446 1664 2488 4⁶2.

1088 2503 1148 2546 ad
1185 2503 1280 2546 182.
1317 2503 1590 2549 oleribus
1623 2517 1747 2549 men-

1001 2561 1117 2605 dosa
1150 2561 1290 2606 lectio
1324 2563 1522 2616 videtur,
1557 2577 1659 2608 cum
1693 2563 1751 2608 de

998 2620 1154 2665 bulbis
1203 2621 1398 2666 dicatur.
1453 2624 1629 2668 conieci
1679 2622 1753 2667 vel

1000 2680 1139 2723 aliis
1182 2681 1375 2733 rebus,
1419 2683 1494 2728 vel
1542 2683 1755 2727 balea-

1005 2739 1167 2784 ribus
1201 2740 1298 2784 scil.
1333 2741 1501 2794 bulbis,
1547 2756 1603 2787 ex
1635 2742 1752 2786 Plin.

1008 2800 1074 2850 19,
1109 2799 1183 2847 94.
1206 2825 1257 2829 —
1293 2802 1577 2857 ungellas
1610 2814 1756 2857 ungu-

1004 2858 1086 2909 las,
1122 2863 1351 2904 extremas
1394 2866 1553 2916 partes
1585 2861 1755 2917 pedum

1004 2918 1257 2969 suillorum,
1292 2932 1410 2975 quae
1444 2921 1756 2966 numerandae

1005 2978 1049 3021 in
1081 2977 1350 3034 ἅκροκωλιόις
1392 2985 1439 3024 et
1471 2981 1655 3037 saepius
1711 2980 1755 3023 in
