2098 3470
342 281 412 335 88
858 278 957 325 Lib.
986 279 1062 325 IV.
1126 279 1397 327 Pandectcs.

456 416 576 469 161.
630 414 797 468 Aliter
835 414 1103 467 mullos:
1157 413 1332 482 radeS,
1372 415 1539 484 lavas,
1582 419 1837 488 conponis
1875 421 1930 475 in

341 489 546 558 patina,
588 488 794 543 adicies
836 488 1027 555 oleum,
1068 487 1352 556 liquamen,
1393 490 1588 558 vinum,
1628 493 1682 546 in
1713 500 1929 550 coctura

338 563 651 635 fasciculum
701 561 844 631 porri
885 566 936 615 et
976 561 1257 629 coriandri,
1309 563 1520 631 inponis
1560 570 1615 618 ut
1655 575 1925 635 coquatur.

339 642 481 693 teres
531 638 702 707 piper,
756 636 1063 703 ligisticum,
1117 635 1410 704 origanum,
1466 639 1667 695 adicies
1709 643 1776 698 de
1814 644 1928 699 iure

337 728 432 766 suo
476 712 596 785 [hoc
638 710 707 764 de
746 708 985 781 patella],
1039 709 1179 776 vino,
1232 727 1394 778 passo
1434 716 1702 783 temperas
1768 719 1928 772 mittis

334 786 390 838 in
431 786 737 851 caccabum,
792 782 948 852 ponis
987 788 1045 835 ut
1082 783 1301 837 ferveat.
1357 788 1531 841 amolo
1574 790 1835 857 obligabis
1877 797 1930 846 et

334 861 590 929 patellam
622 862 812 928 postea
838 856 1146 925 perfundes,
1188 857 1343 926 piper
1366 863 1611 931 aspargis
1637 869 1689 917 et
1710 864 1924 920 inferes.

451 935 571 988 162.
615 934 927 986 Murenas
967 935 1082 984 aut
1122 931 1479 998 anguillas
1521 938 1634 991 vel
1672 940 1927 994 mullos

334 1006 411 1062 sic
451 1008 649 1063 facies:
691 1005 964 1076 purgabis,
1008 1022 1280 1073 conpones
1319 1006 1374 1058 in
1406 1010 1592 1076 patina
1626 1011 1926 1080 diligenter.

333 1081 538 1137 adicies
588 1082 644 1135 in
695 1079 1002 1133 mortarium
1052 1079 1220 1147 piper,
1273 1079 1576 1151 ligisticum,
1633 1087 1925 1155 origanum,

335 1161 584 1224 mentam,
628 1172 818 1224 cepam
858 1152 1062 1206 aridam
1105 1158 1156 1205 et
1194 1152 1385 1207 fundes
1424 1157 1532 1210 vini
1572 1162 1924 1229 acetabulum,

331 1229 631 1298 liquaminis
666 1227 956 1294 dimidium,
998 1226 1167 1280 mellis
1206 1227 1412 1281 tertiam
1453 1237 1674 1300 partem,
1717 1235 1926 1290 modice

334 1303 614 1359 defrictum
653 1302 724 1356 ad
766 1301 1031 1357 clucliare.
1084 1300 1282 1353 debent
1329 1309 1506 1358 autem
1545 1306 1647 1361 hoc
1685 1308 1800 1362 iure
1840 1327 1925 1364 co-

333 1378 465 1446 peri,
507 1383 564 1432 ut
602 1394 763 1446 super
803 1379 1073 1429 cocturam
1111 1376 1342 1443 supersit
1379 1378 1580 1446 aliquid
1619 1381 1761 1436 iuris.

453 1454 573 1507 163.
617 1453 966 1506 Locustas
1008 1452 1072 1501 et
1110 1449 1438 1516 squillas:
1481 1459 1622 1509 teres
1654 1457 1824 1526 piper,
1864 1457 1923 1511 li-

1179 1618 1318 1664 611316
1341 1629 1421 1662 seu
1443 1616 1673 1664 elucidare
1706 1618 1923 1674 (clucida-

1177 1685 1252 1725 tus
1284 1676 1460 1724 Naevio
1484 1678 1529 1722 in
1546 1680 1727 1736 Fragm.
1752 1678 1922 1724 Comic.

1176 1754 1223 1796 p.
1248 1739 1314 1783 15.
1350 1737 1555 1782 restituit
1585 1738 1815 1795 ScaIiger)
1848 1739 1923 1784 vel

1176 1799 1334 1855 potius
1366 1795 1589 1854 glucliare
1615 1804 1662 1843 et
1684 1799 1923 1855 glucidare

1179 1859 1243 1914 (in
1275 1857 1410 1901 huius
1441 1857 1570 1901 verbi
1602 1857 1775 1902 familia
1792 1873 1824 1915 g
1848 1854 1923 1901 fir-

1179 1922 1331 1961 matur
1402 1916 1662 1961 nominibus
1734 1919 1922 1972 γλεῦκος,

1179 1975 1379 2031 ἅγλευκὴς
1412 1978 1458 2020 et
1490 1989 1656 2020 sanscr.
1686 1977 1862 2035 guljai.
1882 1990 1922 2021 e.

1180 2036 1346 2088 dulcis)
1395 2049 1461 2092 gr.
1510 2033 1756 2091 γλυκίδδειν,
1803 2037 1834 2083 1.
1883 2050 1922 2080 6.

421 1616 483 1660 ad
519 1614 618 1660 161.
662 1617 837 1662 codicis
871 1617 1086 1664 adices

332 1675 469 1721 oleo
504 1673 705 1721 fortasse
723 1681 796 1722 est
822 1677 998 1723 adice
1023 1693 1087 1724 ex

331 1735 485 1786 0160,
531 1740 583 1779 ut
614 1736 676 1780 sit
709 1738 994 1793 eleogarum.
1030 1765 1083 1771 --

331 1794 634 1840 fasculum
668 1797 768 1841 cod.
808 1797 1003 1842 volebat
1036 1799 1086 1843 lis

331 1854 514 1899 brarius
531 1853 621 1899 fas
637 1856 895 1901 ciculum
914 1862 966 1901 ut
987 1859 1082 1903 165.

331 1939 383 1943 —
414 1913 522 1957 hoc
554 1914 622 1958 de
646 1920 772 1969 pat.
807 1915 1086 1972 glossatoris

334 1972 479 2017 verba
513 1986 569 2017 ex
603 1974 699 2018 159.
735 1974 792 2019 cf.
820 1975 919 2029 „w
958 1977 1055 2021 120.

423 2032 485 2076 ad
504 2033 603 2077 162.
629 2033 916 2079 effundes
948 2036 1089 2081 vinu

331 2092 655 2137 acetabuli
680 2089 781 2138 cod.
809 2099 856 2139 et
879 2095 950 2139 ad
976 2096 1088 2140 clu-

330 2151 539 2203 cliare,
585 2153 647 2196 ad
690 2165 826 2209 quam
871 2155 1088 2211 syntaxin

331 2209 560 2255 adhibeas
579 2210 755 2267 Apulei
773 2213 824 2256 T.
845 2213 901 2256 II.
920 2227 965 2269 p.
986 2214 1084 2257 212.

333 2269 422 2323 „ad
467 2270 783 2327 contingere“‚
826 2273 915 2316 nisi
954 2273 1087 2317 malis

330 2329 403 2373 ad
436 2329 758 2377 dulcorem.
792 2335 845 2374 ut
868 2336 970 2376 erat
987 2345 1087 2376 ver-

330 2388 440 2432 bum
461 2387 665 2433 dulciare
687 2393 734 2433 et
752 2388 941 2435 dulcare
975 2391 1087 2445 (Du-

332 2445 487 2492 fresne
518 2447 564 2491 II
594 2462 639 2503 p.
672 2449 793 2502 960.)
828 2462 929 2493 611111
964 2463 1086 2493 60111-

330 2506 498 2562 positis
544 2507 776 2560 edulcare,
831 2507 1085 2560 indulcare,

332 2564 586 2610 obdulcare
635 2579 672 2610 6.
706 2580 750 2622 g.
799 2567 924 2622 apud
958 2567 1084 2612 Cael.

329 2622 446 2668 Aur.
480 2624 600 2668 tard.
633 2624 677 2676 4,
713 2628 751 2668 1.
801 2631 1084 2682 „coquentes

329 2687 472 2739 atque
520 2683 830 2728 obdulcantes
889 2685 987 2729 sale
1037 2690 1085 2730 et

330 2741 463 2786 oleo“
510 2746 558 2786 et
597 2744 640 2794 3,
682 2743 724 2787 8.
770 2743 968 2797 „salsum
1002 2744 1084 2788 ob-

330 2798 595 2845 dulcatum“
642 2806 692 2846 et
724 2802 1002 2847 condulcare
1033 2803 1080 2846 in

329 2859 539 2916 Vulgata
570 2859 760 2905 Siracid.
795 2862 867 2913 27,
901 2862 971 2905 26.
1017 2862 1084 2906 sic

330 2918 528 2964 alterum
571 2918 716 2965 fuisse
759 2920 946 2966 videtur
990 2920 1082 2966 clu-

1178 2095 1393 2151 γλυκίζειν,
1424 2094 1651 2150 γλυκάζειν,
1676 2097 1920 2150 γλυκαίνειν.

1180 2153 1236 2199 cf.
1276 2155 1400 2198 Fest.
1443 2168 1488 2210 p.
1521 2154 1592 2205 55,
1628 2156 1696 2198 11.
1747 2155 1818 2206 98,
1853 2155 1921 2198 10.

1179 2227 1237 2258 ex
1286 2214 1478 2269 antiquo
1534 2226 1676 2265 more,
1725 2214 1782 2258 (16
1830 2227 1921 2269 quo

1180 2273 1320 2317 etiam
1337 2272 1528 2317 Salmas.
1553 2273 1598 2315 in
1616 2272 1758 2317 Solin.
1785 2286 1828 2327 p.
1849 2274 1919 2316 51.

1179 2346 1204 2376 6
1234 2345 1318 2387 pro
1351 2345 1383 2387 g
1415 2331 1617 2387 positum
1643 2345 1744 2376 esse
1765 2331 1922 2375 obser-

1177 2391 1308 2434 vavit
1337 2390 1528 2435 Mueller
1558 2391 1619 2434 ad
1652 2391 1749 2435 eius
1779 2404 1921 2446 corgo

1176 2464 1221 2505 p.
1239 2450 1311 2500 37,
1330 2450 1370 2493 6.
1415 2463 1627 2493 cerrones
1658 2450 1730 2500 40,
1764 2450 1803 2492 6.
1847 2463 1921 2493 611-

1177 2509 1377 2553 turnium
1411 2508 1483 2559 51,
1517 2510 1554 2551 1.
1591 2508 1827 2552 Cermalus
1850 2509 1920 2560 55,

1176 2567 1218 2611 4.
1253 2567 1442 2612 culliola
1473 2567 1544 2618 50,
1581 2568 1648 2610 12.
1684 2572 1921 2611 cracentes

1176 2626 1248 2678 53,
1283 2627 1320 2670 7.
1355 2651 1410 2658 —
1445 2625 1759 2670 (16111111ῌ
1795 2630 1920 2669 cot-

1175 2690 1366 2729 turam
1399 2685 1502 2730 cod.
1526 2710 1580 2714 —
1614 2684 1819 2740 coperi
1846 2698 1920 2729 co-

1176 2744 1291 2788 dicis
1325 2747 1396 2788 est
1425 2743 1665 2798 cooperiri,
1698 2744 1760 2787 ad
1774 2743 1844 2787 63.
1865 2767 1918 2773 —-

1173 2816 1351 2858 super
1393 2815 1428 2846 c.
1463 2803 1584 2846 inter
1615 2802 1919 2858 coquendum,

1172 2860 1388 2906 Muetzell
1420 2861 1481 2905 ad
1513 2860 1640 2906 Curt.
1673 2862 1714 2913 6,
1746 2860 1818 2913 43,
1847 2861 1916 2905 27.

1174 2933 1233 2965 an
1265 2932 1439 2976 supra
1472 2924 1544 2964 c.‘?
