2098 3470
390 288 498 360 122
944 292 1040 339 Lib.
1071 294 1146 339 VI.
1211 295 1450 351 Tropetes.

498 428 622 481 231.
684 428 797 481 Ius
841 428 1214 482 candidum
1254 429 1318 482 in
1350 445 1600 482 ansere
1642 428 1852 480 elixo:
1896 427 1971 495 pi-

386 518 499 568 per,
546 519 774 568 careum,
818 503 1081 569 ciminum,
1136 505 1224 573 api
1265 521 1462 569 semen,
1515 502 1714 569 timum,
1767 520 1970 571 cepam,

386 576 575 629 lasaris
614 577 870 644 radicem,
912 578 1129 631 nucleos
1170 582 1353 644 tostOS,
1394 578 1500 631 mel
1540 582 1765 643 acetum,
1805 577 1970 645 liqua-

384 666 507 704 men
548 655 601 703 et
641 652 830 720 oleum.

499 725 624 781 5232.
708 725 805 777 Ad
870 742 1036 778 aves
1097 726 1375 778 virosas
1440 725 1619 778 omni
1685 741 1970 791 genere:

383 797 555 866 piper⁷
599 799 900 866 ligisticum‚
941 800 1138 865 timum,
1188 795 1420 854 mentam
1473 799 1693 863 aridam,
1750 800 1970 864 calvam,

385 873 655 939 cariotam,
697 875 817 940 mel,
847 879 1071 939 acetum,
1102 875 1294 940 vinum,
1336 875 1619 941 liquamen,
1663 873 1852 938 oleum,
1883 872 1971 926 de-

383 945 607 1013 frictum,
651 963 865 1017 senape.
931 950 1098 1000 Avem
1139 949 1461 1016 sapidiorem
1503 955 1554 1001 et
1590 947 1864 1000 altiliorem
1896 946 1970 998 fa-

385 1021 493 1074 cies
536 1026 586 1075 ct
627 1022 674 1074 ei
718 1022 1099 1090 pinguedinem
1134 1023 1389 1088 servabiS,
1433 1023 1475 1074 si
1507 1039 1623 1075 eam
1652 1021 1971 1074 farina-oleo

385 1097 607 1149 subacta
649 1102 952 1149 contextam
991 1097 1045 1149 in
1086 1098 1292 1149 turnum
1331 1097 1549 1149 miseris.

500 1171 606 1222 233
686 1171 854 1224 Aliter
894 1188 1076 1223 aveni:
1119 1171 1170 1223 in
1212 1177 1450 1225 ventrem
1492 1171 1604 1223 eius
1645 1169 1840 1221 fractas
1882 1169 1972 1221 oli-

383 1261 480 1297 vas
520 1260 686 1298 novas
727 1245 900 1298 mittes
944 1250 995 1298 et
1035 1251 1308 1299 consutam
1351 1246 1426 1300 sic
1481 1244 1718 1299 elixabis.

387 1324 567 1373 coctas
609 1319 776 1372 olivas
819 1320 1033 1375 eximes

472 1452 533 1496 ad
581 1453 679 1495 232.
743 1452 1035 1510 hyrcosas
1089 1457 1136 1496 et

386 1511 476 1555 hir
490 1525 525 1556 c.
562 1511 699 1555 codd.
718 1525 809 1555 non
829 1512 999 1567 placet,
1034 1525 1134 1556 cum

385 1576 605 1627 quantum
649 1572 745 1615 scio
779 1571 987 1615 hircosus
1020 1586 1134 1615 sem-

383 1644 468 1686 per
513 1632 574 1674 sit
622 1631 698 1686 qui
747 1631 923 1674 alarum
967 1631 1134 1675 sudore

384 1695 562 1746 puteat,
596 1691 782 1734 l'etron.
821 1692 975 1741 128,1.
1011 1689 1132 1730 κινά-

382 1754 486 1805 βρας
528 1749 702 1798 ἅπόζων
746 1749 885 1804 ὥσπερ
928 1751 949 1796 ὅ
984 1748 1136 1806 τράγος

384 1809 570 1853 Lucian.
604 1809 724 1852 Dial.
770 1809 902 1852 Mort.
941 1811 962 1852 1
1003 1822 1134 1864 prae-

382 1873 455 1912 ter
485 1868 684 1923 interpp.
720 1867 780 1910 ad
812 1868 920 1912 Hor.
958 1882 1026 1924 ep.
1068 1870 1133 1919 12³,

382 1929 422 1971 5.
458 1928 585 1971 Pers.
619 1929 661 1979 3,
697 1928 764 1970 77.
800 1927 966 1971 Catull.
1003 1929 1130 1978 69,6.

385 1986 544 2031 confer
590 1987 799 2030 Ramires
842 1987 902 2030 ad
935 1987 1131 2030 Martial.

381 2048 422 2098 9,
459 2048 531 2096 93,
569 2047 633 2088 11.
669 2046 832 2101 scripsi
857 2047 1134 2090 vocabulum

383 2106 497 2149 artis
560 2106 799 2149 virosas
877 2106 1132 2162 bromosas,

383 2165 516 2220 gravi
564 2177 618 2208 ac
664 2165 912 2208 iniucundo
967 2178 1133 2220 sapore

383 2223 548 2275 ferino,
594 2236 712 2279 quae
755 2223 1047 2268 vehementia
1078 2237 1134 2267 ac

383 2284 625 2327 virositate
672 2283 782 2326 boni
834 2283 990 2326 odoris
1043 2284 1133 2326 dis-

380 2343 568 2397 plicent.
589 2343 738 2397 pisces
757 2342 897 2386 virosi
916 2355 988 2397 ap.
1010 2342 1128 2386 Cels.

380 2403 421 2455 2,
467 2403 535 2444 21.
584 2401 890 2456 Meleagrides
938 2401 1131 2444 novissi-

381 2473 482 2505 mae
499 2465 605 2504 sunt
621 2460 963 2516 peregrinarum
979 2461 1131 2503 avium

380 2521 426 2563 in
459 2532 640 2563 mensas
683 2524 899 2573 receptae
941 2525 1133 2574 propter

382 2580 616 2635 ingratum
648 2581 788 2628 virus,
821 2578 934 2621 Plin.
973 2579 1042 2629 10,
1062 2578 1129 2620 74.

381 2651 499 2694 quae
531 2636 659 2681 afrae
682 2650 793 2681 aves
820 2637 994 2680 numidi
1017 2637 1131 2691 pulli

379 2701 487 2740 sunt
519 2696 619 2740 ⁶242.
654 2697 779 2740 virus
801 2695 1031 2739 anchusae
1057 2709 1129 2750 ap.

377 2756 494 2799 Plin.
541 2757 611 2806 22,
645 2756 714 2799 50.
760 2755 999 2810 vulgatam
1040 2754 1130 2798 for-

379 2819 504 2858 tasse
549 2813 758 2858 defendit
802 2814 931 2857 locus
963 2813 1130 2857 Isidori

381 2875 451 2925 12,
486 2874 524 2924 7,
558 2874 627 2915 61.
672 2874 751 2917 ubi
797 2873 946 2926 „suci“
997 2873 1128 2928 legas

378 2946 463 2990 pro
513 2933 650 2986 „sui“.
706 2958 752 2964 ν
809 2932 1128 2989 omnigere,

1776 1242 1972 1297 deinde

1228 1452 1574 1508 omniogere
1618 1451 1752 1495 codd.
1788 1450 1973 1494 omnis

1224 1513 1462 1566 generis
1535 1511 1666 1553 Hum.
1732 1517 1973 1566 utrumque

1227 1572 1408 1622 dicitur,
1442 1571 1589 1613 Halm.
1626 1570 1802 1614 emend.
1837 1569 1973 1613 Vale-

1225 1631 1335 1674 rian.
1370 1645 1413 1685 p.
1450 1631 1517 1687 13.
1556 1629 1622 1671 14.
1660 1655 1709 1659 —-
1746 1629 1971 1672 calvam

1226 1698 1276 1734 ut
1323 1691 1409 1733 437
1471 1690 1572 1732 439.
1623 1702 1646 1732 c
1691 1689 1826 1732 codd.
1887 1701 1972 1743 pro

1225 1749 1423 1793 humelb.
1459 1749 1734 1792 salviam.
1780 1753 1852 1791 est
1882 1761 1973 1790 nux

1224 1810 1413 1864 pontica
1446 1808 1571 1851 tenui
1589 1808 1839 1863 putamine,
1867 1807 1972 1849 bar-

1224 1869 1285 1912 ba
1339 1867 1467 1911 molli
1522 1868 1740 1911 maiorem
1793 1871 1972 1922 partem

1224 1932 1516 1982 protegente,
1546 1940 1721 1970 summo
1753 1926 1905 1981 capite
1924 1932 1973 1968 ut

1226 1987 1350 2030 nudo
1378 1987 1680 2041 prominente,
1715 1985 1847 2029 nobis
1868 1985 1972 2028 inde

1227 2046 1352 2089 dieta
1400 2046 1628 2095 bartnnss,
1678 2045 1860 2102 corylus
1903 2049 1972 2087 tu-

1227 2105 1394 2149 berosa
1455 2105 1613 2149 Willd.
1667 2104 1971 2148 condiebatur

1225 2164 1269 2207 in
1304 2165 1408 2208 ollis
1443 2171 1490 2207 et
1529 2177 1686 2208 recens
1722 2163 1972 2217 viridisque

1225 2224 1498 2267 servabatur
1529 2231 1581 2266 ut
1608 2222 1836 2271 abellana,
1855 2222 1970 2264 Plin.

1228 2283 1294 2333 15,
1328 2284 1397 2325 90.
1434 2282 1538 2325 coll.
1589 2282 1685 2325 Cat.
1721 2282 1762 2331 8,
1797 2282 1834 2323 2.
1874 2281 1972 2330 143,

1223 2342 1263 2384 3.
1310 2342 1611 2391 Fen-once,
1654 2340 1695 2382 4.
1733 2365 1782 2369 -m-
1828 2340 1970 2382 alti-

1223 2400 1432 2443 liorem
1496 2400 1685 2443 notione
1748 2399 1901 2442 activa
1943 2399 1969 2441 i.

1206 2473 1264 2514 ·q.
1301 2460 1590 2508 alibiliorem,
1622 2458 1971 2508 nutribiliorem,

1222 2518 1472 2568 naehrend,
1515 2516 1768 2567 nahrreich,
1807 2517 1873 2560 sic
1905 2517 1970 2559 di-

1223 2578 1455 2632 gestibilis
1488 2579 1557 2619 35.
1605 2582 1676 2620 est
1709 2575 1969 2619 concoctio·
1997 2582 2001 2586 “

1222 2650 1327 2679 nem
1359 2637 1535 2686 iuvans,
1569 2635 1626 2678 cf.
1656 2635 1843 2690 sanguis
1867 2634 1969 2677 alti-

1222 2695 1278 2738 lis
1311 2708 1382 2750 ap.
1417 2694 1617 2738 Macrob.
1653 2694 1692 2744 7,
1724 2694 1766 2736 4.
1801 2695 1869 2735 22.
1904 2693 1969 2736 in-

1222 2760 1371 2808 terpp.
1403 2753 1463 2796 ad
1483 2753 1605 2796 Cael.
1625 2751 1784 2795 Aurel.
1804 2766 1848 2807 p.
1869 2752 1967 2795 617.

1222 2813 1322 2856 618.
1386 2812 1621 2856 Kaercher
1684 2811 1826 2855 Beitr.
1890 2825 1969 2854 zur

1220 2872 1458 2926 Lexicogr.
1504 2871 1543 2912 4.
1584 2885 1626 2925 p.
1661 2871 1718 2913 48
1750 2883 1877 2924 seqq.
1915 2895 1967 2901 —

1221 2929 1479 2974 farinam
1524 2930 1592 2975 ol.
1652 2930 1967 2974 subactam
