2098 3470
694 330 792 381 Lib.
826 334 859 380 I.
922 330 1171 391 Epimeles.
1666 331 1736 385 33

149 489 278 539 ques
320 477 372 526 et
409 471 583 524 mittes
621 469 675 522 in
714 486 810 524 vas
857 469 911 521 in
952 485 1055 537 quo
1098 471 1150 521 et
1188 482 1319 519 uvas
1360 465 1519 518 mittis
1559 462 1735 534 vaspi-

149 564 264 600 cem
306 551 358 599 et
395 544 597 616 gipsari
635 544 801 597 facies
842 548 894 596 et
931 542 986 594 in
1025 543 1199 595 locum
1238 539 1491 606 frigidum
1530 537 1620 591 ubi
1659 536 1740 590 sol

149 636 425 673 accessum
461 635 569 671 non
602 616 763 671 habet
800 616 926 685 poni
965 615 1133 669 facias
1176 618 1242 680 et,
1299 613 1512 681 quando
1560 611 1741 664 volue-

148 694 234 760 ris,
275 708 407 746 uvas
439 691 636 744 virides
669 691 926 745 invenieS.
959 698 1011 743 et
1041 690 1214 760 ipsam
1247 704 1441 755 aquam
1474 702 1571 758 pro
1599 684 1739 738 idro-

148 767 290 820 melli
342 766 491 833 aegri
544 765 712 819 dabis.
747 770 799 819 et
852 764 895 817 si
946 764 1001 816 in
1051 762 1215 816 ordeo
1259 763 1469 829 obruas,
1523 760 1740 814 illaesas

147 840 404 894 invenies.

266 915 347 966 18.
389 913 468 966 Ut
500 912 679 965 mala
713 916 778 964 et
803 911 975 963 mala
999 913 1292 977 granata
1320 906 1436 959 diu
1463 906 1739 960 durent:

148 988 202 1040 in
253 1003 445 1054 aquam
499 983 802 1058 (marinam)
851 983 1080 1038 calidam
1132 982 1428 1036 ferventem
1466 998 1650 1049 merge
1692 986 1744 1034 et

151 1061 326 1115 statim
364 1061 487 1114 leva
528 1064 579 1114 et
622 1058 906 1130 suspende.

267 1136 350 1188 19.
391 1135 472 1188 Ut
509 1135 686 1187 mala
726 1132 1004 1187 cidonia
1044 1131 1159 1184 diu
1199 1134 1597 1184 serventur:
1653 1129 1742 1183 eli-

154 1209 236 1277 gis
273 1209 415 1262 mala
455 1207 570 1263 sine
607 1208 733 1261 vitio
776 1223 895 1261 cum
932 1205 1147 1259 ramulis
1188 1210 1240 1259 et
1277 1204 1418 1258 foliis
1470 1203 1743 1275 (ficulnis),

155 1282 355 1337 condes
392 1282 447 1336 in
488 1299 584 1336 vas
625 1287 677 1336 et
697 1280 970 1335 suffundes
1009 1280 1114 1335 mel
1147 1284 1199 1334 et
1238 1277 1520 1334 defrictum
1563 1284 1615 1333 et
1654 1277 1744 1332 diu

153 1357 408 1411 servabis.

153 1489 276 1533 Pers.
293 1487 335 1539 4,
349 1487 420 1533 49.
441 1500 542 1532 cum
559 1485 711 1531 Schol.
734 1499 778 1542 p.
797 1487 898 1530 318.

154 1547 212 1592 ed
264 1546 377 1590 Iahn
436 1547 510 1592 vel
546 1558 605 1602 ap
653 1545 885 1590 Hermann
991 1486 1105 1531 nicis
1132 1484 1311 1530 Pallad.
1330 1484 1373 1537 4,
1394 1485 1463 1537 10,
1487 1485 1526 1528 7.
1561 1484 1620 1530 de
1636 1497 1742 1542 pru-

990 1546 1061 1589 nis
1096 1546 1165 1597 12,
1201 1546 1240 1596 7,
1277 1544 1346 1588 16.
1389 1544 1496 1589 coll.
1531 1544 1741 1601 Geopon.

154 1608 281 1651 Lect.
313 1607 437 1650 Pers.
475 1607 516 1650 1.
546 1619 590 1661 p.
613 1605 701 1659 19.)
735 1617 818 1648 seu
836 1604 900 1649 vi-
990 1605 1033 1656 4,
1069 1605 1137 1657 15,
1173 1605 1242 1649 10.
1289 1604 1362 1655 10,
1402 1604 1479 1656 38,
1522 1604 1559 1647 7.
1602 1629 1651 1634 —
1700 1604 1746 1647 in

154 1666 291 1710 tieem
332 1665 359 1708 i.
404 1678 442 1709 e.
496 1677 664 1721 agnum
708 1668 900 1715 castum,
993 1664 1191 1708 calidam
1223 1662 1612 1707 ferventissimam
1643 1663 1746 1707 mit·

156 1729 279 1769 certe
309 1725 510 1780 speciem
529 1724 642 1768 eius.
678 1722 736 1767 cf.
756 1724 824 1766 23.
847 1747 900 1753 —-
992 1728 1079 1775 tes,
1111 1723 1334 1778 Pelagon.
1369 1723 1409 1766 9.
1443 1736 1486 1778 p.
1521 1723 1593 1766 47.

154 1783 491 1841 hydromeli
530 1783 601 1827 ed.
644 1796 709 1838 pr.
755 1782 808 1825 H.
846 1806 901 1815 -ι
1082 1782 1143 1826 ad
1179 1783 1245 1826 19.
1281 1782 1348 1826 sic
1379 1779 1633 1825 ficulnis
1665 1781 1747 1826 ad·

155 1843 324 1899 aegri
376 1856 489 1887 corr.
538 1855 595 1887 ex
641 1855 722 1886 sex
765 1840 902 1885 codd.

157 1902 376 1958 aegrui,
408 1914 505 1958 par.
524 1914 726 1957 aegro,
745 1901 816 1945 ed.
835 1914 902 1956 pr.

157 1961 212 2004 Η.
246 1962 460 2016 aegris.
494 1961 642 2005 addas
673 1960 722 2006 id
753 1960 904 2003 adiec-

159 2019 302 2063 tivum
320 2019 409 2063 illis
433 2032 551 2075 quae
570 2019 800 2074 duplicem
817 2023 906 2062 ter-

158 2079 453 2123 minationem
466 2078 638 2122 habent
659 2082 706 2122 et
729 2078 906 2129 „limis“

159 2150 215 2181 ex
226 2136 614 2182 AmmianoMarc.
636 2138 704 2188 17,
727 2137 764 2179 7.
781 2137 852 2188 20,
865 2138 907 2188 9,

159 2198 200 2240 2.
242 2201 294 2239 ut
334 2198 490 2248 sacris,
534 2196 742 2248 celebris,
790 2196 909 2240 salus

158 2255 328 2307 bris,al.
344 2256 467 2311 apud
480 2255 787 2299 Ruddimann.
811 2257 847 2298 1.
864 2269 907 2310 p.

162 2314 260 2358 164.
278 2314 422 2358 Kritz.
447 2315 507 2358 ad
525 2314 692 2359 Salust.
717 2313 817 2358 Cat.
837 2315 908 2366 59,

160 2373 198 2416 5.
218 2373 316 2429 Iug.
338 2375 377 2426 1,
399 2375 437 2418 1.
457 2374 526 2426 66,
559 2375 599 2417 3.
618 2373 826 2417 Hildebr.
848 2373 910 2417 ad

160 2430 301 2487 Apul.
339 2435 361 2476 1
395 2446 438 2489 p.
474 2434 542 2477 20.
580 2438 626 2477 et
657 2433 759 2476 356.

249 2491 310 2535 ad
335 2492 402 2536 18.
437 2496 495 2536 et
526 2491 680 2535 mala
712 2491 821 2536 add.
854 2504 911 2535 ex

160 2553 202 2602 β.
253 2575 306 2580 -
354 2550 418 2595 Ut
465 2551 566 2595 cod.
615 2554 656 2602 β.
706 2563 912 2607 aquam

162 2608 331 2660 omisit,
358 2610 424 2654 sic
450 2623 607 2654 omnes
631 2612 912 2653 marinam

160 2681 244 2724 per
262 2669 583 2724 compendium
600 2670 820 2724 scriptum
836 2682 912 2713 ne-

161 2727 417 2783 glexerunt.
452 2728 714 2772 addendum
755 2729 913 2773 censui

164 2790 215 2829 ut
253 2785 423 2831 Noster
463 2789 754 2843 praeciperet
786 2787 911 2843 quod

165 2842 222 2888 de
253 2846 431 2899 punicis
464 2847 638 2891 Plinius
662 2848 730 2899 15,
754 2847 828 2895 60.
848 2847 911 2891 'de

165 2903 297 2947 malis
328 2905 534 2961 granatis
558 2907 694 2962 Mago
727 2919 801 2962 ap.
827 2906 909 2951 Co·

166 2960 275 3007 lum.
309 2964 379 3014 12,
409 2963 481 3016 46,
514 2964 553 3007 5.
587 2965 646 3009 dc
671 2966 804 3010 malis
826 2979 908 3021 pu-

213 3034 251 3067 C.
278 3035 430 3076 Apicius
456 3038 511 3069 ed.
539 3037 694 3071 Schuch.

996 1841 1196 1886 (lendum
1215 1840 1302 1885 fuit
1329 1855 1386 1886 ex
1404 1840 1500 1885 Col.
1523 1843 1593 1892 12,
1610 1841 1683 1893 47,
1708 1842 1746 1884 1.

996 1901 1112 1946 Plin.
1136 1902 1204 1952 15,
1223 1901 1293 1944 60.
1319 1900 1500 1944 Pallad.
1519 1901 1561 1952 3,
1585 1901 1656 1953 25,
1677 1900 1747 1944 25.

999 1960 1208 2016 Geopon.
1246 1961 1313 2014 10,
1349 1961 1420 2012 28,
1452 1960 1492 2004 5.
1536 1964 1584 2004 et
1616 1973 1750 2005 con-

999 2019 1100 2064 des
1145 2019 1467 2074 corrigendum
1499 2032 1584 2075 pro
1618 2017 1657 2062 f.
1694 2022 1751 2063 et

1000 2078 1249 2123 condies
1268 2092 1323 2123 ex
1340 2078 1505 2122 iisdem
1519 2078 1599 2135 qui
1615 2082 1750 2123 utun-

999 2142 1075 2181 tur
1107 2138 1332 2194 „illigare‚
1358 2137 1651 2190 convolvere,
1685 2138 1752 2181 in—

999 2197 1205 2249 volvere,
1248 2195 1597 2252 συγκαλύπτειν.“
1641 2196 1752 2241 olim

1000 2256 1177 2301 conieci
1195 2256 1510 2309 „circumdes“
1525 2256 1600 2300 vel
1615 2269 1751 2309 „con-

1001 2315 1170 2360 duces“
1219 2317 1249 2360 i.
1298 2330 1341 2372 q.
1391 2315 1623 2368 obduceS‚
1676 2314 1753 2360 vel

1001 2375 1279 2427 „condues“.
1301 2400 1353 2405 —
1374 2374 1525 2431 cydo
1539 2376 1594 2418 ni
1609 2388 1636 2418 a
1655 2374 1753 2419 vul—

1000 2447 1078 2490 go.
1112 2459 1166 2466 -
1209 2433 1539 2479 defrictum
1571 2433 1755 2479 restitui

1002 2506 1058 2538 cx
1090 2491 1127 2535 ὃ.
1163 2498 1212 2538 et
1239 2494 1341 2538 cod.
1362 2493 1548 2538 salmas.
1568 2499 1616 2538 et
1633 2493 1754 2538 Non.

1001 2567 1044 2608 ρ.
1077 2553 1178 2596 378.
1222 2553 1388 2609 reliqui
1428 2554 1614 2597 variant
1646 2552 1755 2604 „de-

1006 2610 1204 2664 frictum,
1262 2611 1479 2656 defritum
1527 2610 1756 2657 defretum

1005 2671 1076 2715 67.
1112 2671 1212 2715 145.
1246 2669 1510 2716 defrutum“
1555 2671 1756 2716 scriben-

1003 2735 1090 2774 tes.
1126 2735 1226 2775 erat
1246 2731 1438 2775 verbum
1463 2729 1688 2775 defricere
1709 2734 1758 2774 et

1003 2787 1245 2842 defricare,
1280 2789 1516 2835 defrutare
1548 2791 1576 2834 i.
1597 2803 1634 2835 e.
1671 2803 1756 2834 co—

1003 2849 1187 2905 quendo
1212 2850 1497 2902 imminuere,
1529 2855 1581 2893 ut
1604 2848 1757 2894 fruare

1002 2908 1142 2953 nimio
1161 2922 1246 2953 usu
1264 2923 1543 2954 consumere.
1565 2909 1667 2957 Cat.
1685 2909 1758 2961 96,

1007 2968 1047 3013 1.
1079 2967 1195 3013 Non.
1228 2982 1274 3024 p.
1307 2970 1407 3014 378.
1452 2970 1551 3013 379.
1598 2969 1756 3026 sicque

1494 3059 1520 3102 3
