2098 3470
702 325 801 372 Lib.
835 321 870 369 1.
932 319 1178 381 Epimeles.
1677 313 1745 370 37

152 464 296 530 lium,
336 461 704 526 malabatrum,
748 457 996 512 ciminum
1023 454 1338 524 plusculum,
1379 452 1501 520 mel,
1530 455 1748 506 acetum

156 545 208 594 et
234 539 516 605 liquamen.
566 534 761 587 Aliter:
802 538 974 600 piper,
1021 528 1325 597 ligistieum,
1365 527 1748 597 petrosilinum,

154 618 386 668 mentam
424 610 639 675 siccam,
694 606 940 661 ciminum
979 603 1293 674 plusculum,
1343 603 1466 670 mel,
1521 606 1747 667 acetum,

153 687 436 755 liquamen.

267 761 351 813 31.
406 759 841 810 Lasaratum:
908 754 1051 807 lasar
1101 751 1421 807 cirenaicum
1462 750 1549 803 vel
1587 748 1750 819 parti-

157 851 274 889 cum
326 831 512 900 tepida
565 829 828 894 dissolvis,
886 845 1004 882 cum
1045 831 1198 880 aceto
1238 826 1509 892 liquamen
1547 829 1750 892 tempe-

156 913 344 961 ratum.
387 907 472 959 vel
512 906 684 974 piper,
724 902 1108 972 petresilinum,
1149 905 1382 954 mentam
1421 898 1637 966 siccam,
1677 899 1751 951 la-

156 982 290 1036 saris
329 980 584 1045 radicem,
626 978 748 1044 mel,
789 981 1016 1041 acetum,
1057 975 1344 1042 liquamen.
1423 973 1619 1027 Aliter:
1674 972 1752 1041 pi-

155 1073 269 1126 per,
312 1071 542 1121 careum,
585 1058 814 1119 anetum,
857 1049 1238 1120 petresilinum,
1274 1052 1507 1102 mentam
1535 1047 1750 1113 sicca-m,

157 1130 274 1197 silfi,
330 1129 528 1194 folium,
582 1127 948 1193 malabatrum,
1004 1123 1208 1193 spicam
1246 1122 1499 1188 indicam,
1549 1126 1753 1175 costum

155 1203 441 1268 modicum,
481 1202 602 1270 mel,
645 1200 855 1255 acetum
894 1198 1179 1267 liquamen.

272 1279 358 1333 32.
421 1276 865 1344 Oenogarum
903 1273 971 1327 in
1010 1273 1286 1327 tubera:
1345 1270 1518 1340 piper,
1569 1269 1754 1338 ligisti-

161 1369 295 1419 cum,
350 1350 704 1416 coriandrum,
758 1353 945 1415 rutam,
997 1347 1283 1414 liquamen,
1334 1345 1439 1398 mel
1488 1349 1541 1398 et
1580 1344 1755 1398 oleum

160 1427 386 1480 modice.
458 1424 650 1478 Aliter:
693 1424 892 1489 timum,
922 1422 1225 1487 satureiam,
1252 1419 1422 1489 piper,
1450 1418 1753 1486 ligisticum,

159 1501 279 1567 mel,
322 1500 589 1567 liquamen
631 1502 682 1552 et
722 1499 912 1551 oleum.

273 1575 357 1628 33.
402 1573 830 1641 Oxyporum:
862 1570 1039 1625 cimini
1063 1586 1181 1622 unc.
1212 1568 1280 1621 II.
1313 1567 1608 1636 gingiberis
1634 1584 1754 1621 unc.

161 1650 201 1702 I.
244 1654 393 1702 rutae
431 1646 614 1700 viridis
641 1663 759 1700 unc.
789 1647 830 1699 I.
874 1644 994 1698 nitri
1021 1643 1283 1712 scripulos
1305 1643 1394 1696 VI.
1443 1641 1756 1695 dactilorum

161 1723 436 1792 pinguium
461 1721 720 1789 scripulos
743 1721 867 1773 XII.
898 1718 1098 1788 piperis
1121 1734 1240 1771 unc.
1259 1718 1299 1770 I.
1327 1715 1499 1770 mellis
1521 1733 1641 1771 unc.
1658 1717 1753 1769 IX.

165 1797 411 1850 ciminum
466 1800 642 1849 autem
694 1794 1054 1862 aethiopicum
1094 1796 1184 1845 aut
1223 1791 1469 1844 siriacum
1511 1795 1603 1843 aut
1640 1790 1754 1844 libi-

163 1888 281 1925 cum
310 1875 462 1925 aceto
490 1869 756 1937 infundeS,
790 1868 936 1922 sicca
960 1872 1012 1921 et
1044 1866 1122 1920 816
1145 1865 1352 1919 tundes
1377 1868 1570 1934 postea
1597 1865 1755 1919 melle

165 1943 576 2013 conprehendis,
618 1961 736 1997 cum
775 1959 1001 1996 necesse
1040 1940 1214 2007 fuerit,
1258 1940 1498 2007 oxigarO.
1539 1941 1717 1993 uteris,

165 2077 350 2122 Indiens
397 2076 491 2121 alte
538 2074 693 2131 gesch.
743 2088 786 2131 p.
828 2074 917 2119 384
1007 2073 1134 2118 nulla
1162 2073 1224 2117 sit
1239 2072 1415 2118 mentio
1433 2070 1543 2117 vini.
1578 2070 1636 2117 cf.
1652 2072 1755 2118 309.

162 2137 317 2181 —387.
340 2161 389 2165 —
412 2136 691 2180 ciminum
715 2147 799 2190 pro
825 2147 910 2178 cu·
1005 2134 1105 2178 399.
1141 2132 1350 2189 Lampid.
1386 2132 1445 2176 de
1476 2131 1609 2189 Elag.
1642 2133 1716 2177 30.

160 2196 370 2240 minum
403 2208 485 2239 seu
524 2194 814 2251 cyminum
858 2206 914 2238 ex
1094 2192 1155 2236 ad
1180 2193 1251 2236 33.
1286 2192 1459 2248 repetit
1476 2197 1636 2236 noster
1655 2191 1753 2236 105.

159 2260 292 2311 parte
325 2254 558 2298 librorum.
1006 2277 1054 2282 —
1078 2252 1281 2308 zingib
1306 2251 1427 2296 6118
1455 2251 1501 2295 111
1519 2264 1600 2295 sex
1618 2251 1754 2295 codd.

247 2314 308 2358 ad
339 2314 409 2357 31.
444 2313 803 2363 lasaratum‚
837 2311 911 2354 la—
1004 2311 1488 2367 —aethiopieum
1520 2324 1604 2365 pro
1637 2309 1755 2354 hio-

160 2387 254 2420 sar
285 2373 506 2417 lasaris
551 2385 636 2427 pro
681 2371 908 2415 lasera-
1000 2370 1191 2426 picum
1223 2371 1315 2414 iam
1344 2370 1478 2414 Hum.
1502 2382 1616 2414 corr.
1650 2383 1755 2425 pro—

87 2449 89 2451 *
159 2437 275 2477 tum
315 2445 372 2476 ex
416 2432 518 2476 cod.
555 2431 736 2476 salmas.
772 2430 908 2474 codd.
1002 2429 1074 2473 cul
1108 2430 1254 2474 dubio
1287 2429 1398 2473 olim
1431 2433 1482 2473 111
1513 2428 1597 2472 105
1629 2429 1755 2485 lega—

158 2492 275 2535 Plin.
321 2491 362 2538 5.
404 2492 478 2537 33.
526 2490 624 2534 Col.
661 2491 730 2541 12,
762 2489 834 2541 59,
867 2490 906 2533 5.
1000 2488 1138 2533 batur
1160 2493 1275 2533 aut.
1297 2488 1610 2545 hiopicum.
1633 2488 1756 2532 unde

160 2551 275 2595 Plin.
310 2549 412 2593 Val.
448 2551 489 2600 2,
522 2550 591 2592 46.
626 2550 668 2601 3,
695 2550 734 2592 5.
765 2549 806 2592 6.
839 2550 908 2591 12.
1000 2548 1128 2592 istud
1174 2547 1464 2603 „hiopicum“
1507 2548 1636 2591 nasci
1673 2560 1755 2603 po-

161 2635 214 2642 —-
262 2609 595 2665 liquamine
646 2607 783 2652 codd.
834 2608 909 2652 vel
1001 2611 1139 2660 terat,
1189 2607 1330 2663 idque
1377 2610 1577 2651 autem
1623 2619 1755 2651 revo-

158 2669 265 2726 lege
320 2673 443 2712 tum
492 2672 674 2711 aceto
706 2667 909 2723 liqua-
1002 2666 1461 2723 cavipro„vel¹‘.—-
1482 2678 1754 2721 oxyporo
1844 2704 1882 2712 ,.

160 2729 310 2772 1111116
353 2731 713 2782 temperato,
756 2731 808 2770 ut
849 2727 911 2770 811
1002 2739 1040 2770 6.
1074 2739 1141 2781 pr.
1174 2726 1229 2770 H.
1253 2726 1386 2769 male.
1422 2722 1480 2769 cf.
1502 2724 1598 2768 105.
1634 2724 1755 2769 unde

160 2791 404 2842 „tempora
441 2790 696 2843 oxygaro“.
734 2810 784 2816 -
830 2799 860 2842 p
874 2785 908 2829 i·
1001 2786 1141 2829 etiam
1211 2785 1452 2840 supplebis
1515 2784 1752 2835 ,,11118668“.

160 2858 263 2901 per
294 2845 474 2889 misces.
1002 2844 1106 2888 edd.
1153 2844 1328 2888 habent
1371 2856 1612 2899 „oxyporo
1656 2848 1754 2888 ute·

249 2904 310 2948 ad
340 2904 413 2948 32.
447 2904 504 2947 61
522 2915 805 2959 eogarum
838 2903 908 2947 ed.
1002 2904 1093 2947 ris“
1130 2903 1185 2947 cf.
1221 2904 1260 2947 8.
1287 2904 1326 2947 9.
1350 2903 1419 2946 62.
1442 2902 1510 2946 63.
1536 2901 1631 2946 164.
1650 2902 1751 2947 353.

164 2962 317 3008 Torin.
336 2966 384 3006 et
400 2963 578 3008 mavult
593 2963 760 3014 Lister‚
786 2962 912 3021 quod
1002 2962 1102 3013 473.
