2098 3470
750 318 850 364 Lib.
882 318 960 363 IX.
1010 317 1220 363 Talassa.
1642 318 1747 373 189

268 452 395 507 410.
433 452 769 505 Locustas
809 468 1006 505 assas
1056 451 1158 505 sic
1199 451 1456 506 facies:
1499 452 1744 523 aperiun-

158 530 241 579 tur
278 527 534 592 locustae,
575 530 630 577 ut
654 524 870 592 assolet,
911 542 1031 578 cum
1068 530 1207 579 testa
1239 542 1337 579 sua
1371 530 1423 579 et
1452 525 1747 579 infunditur

160 599 237 652 eis
277 600 596 670 piperatum,
639 597 1031 651 coriandratum
1072 603 1124 652 et
1161 599 1238 653 sic
1271 600 1327 652 in
1366 599 1621 653 craticula
1661 617 1744 653 as-

156 678 353 726 santur.
414 689 532 726 cum
589 672 924 739 siccaverint,
986 671 1190 726 adicies
1250 673 1328 726 eis
1385 673 1441 727 in
1493 673 1747 728 craticula

157 746 401 814 quotiens
440 746 762 800 siccaverint
801 762 1078 813 quousque
1116 752 1377 801 assantur.

267 821 393 873 411.
434 820 642 874 locusta
682 820 824 873 elixa
875 836 993 874 cum
1034 820 1280 874 ciminato
1336 822 1473 875 bene
1513 820 1742 875 inferes:

153 893 324 963 piper,
354 893 654 961 ligisticum,
694 893 1076 964 petresilinum,
1131 904 1364 949 mentam
1415 896 1631 963 siccam,
1674 896 1744 949 ci-

154 968 351 1021 minum
389 967 704 1036 plusculum,
745 969 868 1036 mel,
909 972 1135 1036 acetum,
1175 969 1461 1037 liquamen,
1490 969 1547 1022 ¹si
1574 970 1742 1038 voles,

153 1041 338 1095 folium
379 1046 432 1095 et
468 1043 819 1096 malabatrum
859 1041 1046 1096 addes,

266 1116 392 1169 412.
435 1115 665 1170 Aliter
703 1117 1022 1170 locusta:
1074 1115 1227 1170 isicia
1278 1114 1347 1169 de
1401 1115 1575 1170 cauda
1627 1116 1740 1171 eius

153 1188 230 1244 sic
269 1190 466 1244 facies:
507 1189 764 1244 folliclum
806 1189 1071 1263 [nocivam
1123 1188 1300 1262 uvam]
1354 1190 1500 1259 prius
1553 1190 1740 1244 demes

154 1269 207 1318 ct
245 1264 415 1318 elixas
456 1263 653 1319 deinde
692 1265 929 1334 pulpam,
971 1263 1244 1332 concideS,
1286 1280 1406 1318 cum
1432 1264 1739 1334 liquamine,

152 1338 339 1407 pipere
380 1342 433 1393 et
471 1340 585 1393 ovis
623 1339 775 1392 isicia
812 1338 1084 1393 formabis.

154 1471 225 1523 12,
266 1471 338 1523 59,
382 1472 425 1518 2.
465 1471 559 1517 alia
598 1471 717 1516 enim
761 1483 898 1528 cepa-

151 1543 250 1574 rum
283 1543 455 1586 genera
486 1531 600 1576 alibi
630 1545 723 1575 non
749 1531 899 1574 minus

149 1594 260 1692 {pie
296 1589 627 1693 lasshibentur,·
663 1590 901 1635 ascalonia

241 1682 250 1691 .
384 1682 393 1693 .
442 1662 734 1707 pompeiana,
782 1661 900 1692 mar-

150 1707 248 1752 sica
279 1707 379 1753 Col.
415 1711 484 1761 12,
519 1710 589 1762 10,
626 1710 663 1752 1.
708 1733 753 1739 —-
807 1721 899 1753 se·

150 1767 287 1822 napi
335 1767 471 1812 codd.
527 1766 585 1813 cf.
637 1767 740 1812 416.
795 1767 898 1811 440.

150 1825 395 1884 conchylia
423 1826 530 1881 μετὰ
563 1825 724 1873 νάπυος
745 1827 900 1882 parari

147 1885 278 1930 iubet
307 1886 596 1931 Xenocrates
627 1898 700 1942 ap.
732 1885 896 1931 Ideler.

151 1947 174 1987 1
208 1957 254 2000 p.
289 1946 375 1989 126
406 1959 503 2002 seq.
536 1944 656 1990 fabis
699 1945 900 1990 adicitur

147 2004 194 2047 in
226 2008 417 2049 coctura
448 2018 540 2061 quo
581 2003 764 2048 facilius
804 2018 899 2048 ma-

148 2062 342 2107 descant
412 2069 460 2108 et
539 2068 898 2120 percoquantur‚

149 2121 357 2178 Geopon
391 2124 434 2175 2,
466 2123 536 2166 41.
559 2136 647 2192 pro
672 2123 896 2167 librorum

147 2179 257 2226 hoc
287 2182 376 2226 ius
407 2182 572 2238 scripsi
615 2182 782 2226 ocius
813 2195 897 2238 po-

146 2240 253 2292 tius,
280 2241 458 2293 melius,
482 2246 534 2285 ut
561 2245 770 2286 nostrum
788 2240 898 2286 eher

146 2304 218 2344 est
249 2300 408 2352 lieber,
440 2300 677 2352 vielmehr,
710 2301 777 2344 sic
807 2301 897 2356 pri-

146 2371 199 2402 us
231 2372 302 2416 ap.
337 2359 491 2405 Seren
527 2359 648 2404 Sam.
667 2334 770 2403 535.
793 2361 895 2404 921

145 2417 279 2470 alios,
311 2418 447 2462 citius
486 2418 608 2462 idem
633 2414 897 2475 significare

144 2476 191 2520 in
222 2451 397 2521 scholis
430 2477 663 2523 docemus.
691 2476 751 2525 cf
783 2478 896 2522 Hor.

144 2535 279 2591 epist.
326 2538 365 2587 1,
408 2536 479 2588 14,
533 2537 606 2581 23.
650 2535 894 2581 Tursellin.

143 2594 200 2638 II.
234 2608 277 2651 p.
313 2595 384 2639 78.

233 2653 295 2698 ad
311 2654 412 2698 410.
446 2654 515 2698 sic
546 2666 618 2709 ap.
642 2654 892 2698 Xenocrat.

143 2713 200 2757 28
232 2726 275 2768 p.
313 2714 412 2766 130,
444 2714 485 2757 4.
520 2714 698 2765 σωλῆνες
730 2713 757 2766 ἢ
780 2714 897 2753 αυλοὶ

143 2772 170 2824 ἢ
201 2769 375 2819 δόνακες
406 2771 675 2821 σκευάζονται
717 2771 894 2827 ἆνοιγὸ-

141 2846 279 2885 μενοι.
314 2831 372 2876 de
414 2836 538 2877 testa
569 2845 661 2875 non
694 2829 896 2876 eximun-

143 2895 231 2934 tur.
264 2903 435 2935 assas
468 2905 525 2935 ex
555 2895 586 2943 ,8
613 2895 661 2936 et
704 2905 805 2935 cum
839 2891 893 2934 H.

142 2949 894 3005 add.—infundunturinple-

988 1470 1156 1574 ffsssssss·
1193 1470 1741 1586 “2³0⁸sssnt02323‘1‘12‘1'1'32

988 1589 1122 1633 Hum.
1163 1587 1299 1633 addit
1347 1589 1494 1641 „bene
1536 1595 1585 1636 et
1627 1589 1743 1636 infe-

989 1654 1092 1693 res“
1141 1651 1188 1692 et
1230 1647 1309 1692 ubi
1356 1649 1460 1701 411,
1501 1662 1558 1694 ea
1596 1650 1743 1695 verba

988 1707 1035 1751 in
1083 1706 1221 1752 codd.
1267 1713 1375 1751 sunt
1427 1708 1589 1755 scribit
1642 1715 1743 1761 „te-

990 1771 1108 1811 res“.

1080 1825 1142 1869 ad
1184 1824 1287 1870 411.
1330 1824 1390 1870 de
1429 1839 1486 1871 eo
1529 1826 1740 1872 ablativo

991 1884 1088 1928 dixi
1119 1884 1181 1928 ad
1214 1884 1388 1940 Gargil.
1433 1899 1479 1941 p.
1511 1886 1582 1930 42.
1617 1886 1741 1931 adde

988 1945 1090 1988 371.
1142 1969 1192 1974 -
1243 1943 1648 1989 malabratum
1694 1946 1741 1989 in

989 2017 1083 2048 sex.
1117 2003 1218 2047 424.
1252 2004 1298 2047 in
1330 2002 1514 2049 duobus
1547 2003 1603 2048 cf.
1637 2004 1710 2049 30.

1077 2062 1139 2106 ad
1171 2063 1273 2106 412.
1308 2063 1494 2107 esicia
1525 2063 1661 2108 codd.
1693 2068 1743 2108 et

988 2126 1170 2178 postea,
1202 2121 1264 2165 ad
1295 2122 1366 2165 37.
1396 2147 1451 2153 —
1477 2123 1544 2167 sic
1560 2123 1740 2167 emend.

989 2181 1201 2226 codicum
1289 2179 1495 2225 folium
1579 2182 1743 2227 noci.

988 2252 1166 2285 uvam.
1225 2239 1360 2284 Hum.
1405 2240 1480 2285 ed.
1524 2238 1739 2285 folium

988 2299 1184 2351 nardi,
1248 2312 1436 2343 uvam.
1502 2298 1739 2345 folliculus

989 2372 1075 2414 pro
1116 2358 1273 2402 vesica
1315 2371 1391 2414 ap.
1447 2358 1573 2403 Cael.
1620 2358 1738 2404 Aur.

987 2417 1108 2462 tard.
1130 2418 1173 2469 4,
1198 2418 1240 2460 3.
1266 2415 1364 2462 foll.
1387 2417 1608 2474 genitalis
1637 2419 1680 2469 3,
1697 2419 1737 2462 8.

987 2476 1124 2521 nobis
1142 2478 1254 2521 item
1264 2477 1438 2528 beutel,
1463 2476 1737 2522 dintenbeu-

986 2535 1067 2580 tel.
1100 2536 1337 2592 glossema
1360 2535 1536 2580 uncinis
1556 2536 1737 2582 inclusi.

985 2594 1231 2651 pulpam
1253 2594 1478 2640 locustae.
1512 2595 1560 2639 id
1575 2595 1738 2652 pulpa*

986 2658 1191 2698 mentum
1251 2654 1430 2699 caudae
1474 2655 1737 2727 proximum

988 2713 1102 2758 alibi
1121 2712 1247 2770 οὖραῖ
1232 2729 1300 2753 ιον
1331 2714 1429 2758 scil.
1451 2719 1640 2769 τέμαχος
1661 2715 1737 2759 vel

988 2771 1080 2828 ἧτρ
1069 2776 1128 2812 αῖ
1113 2789 1181 2812 ιον
1221 2785 1304 2816 seu
1347 2772 1439 2828 ἢτρι
1427 2789 1480 2812 ιια
1483 2789 1509 2811 α
1553 2773 1737 2825 dieitur,

986 2830 1162 2876 Athen.
1198 2832 1238 2885 7,
1272 2832 1342 2875 67.
1376 2833 1419 2883 3,
1451 2830 1521 2876 64.
1557 2832 1628 2876 49.
1657 2827 1736 2878 fin.

988 2891 1058 2935 75.
1090 2889 1398 2947 Aristophan.
1431 2890 1492 2936 ib.
1528 2892 1658 2943 9,17.
1684 2917 1735 2921 -—

986 2955 1045 2994 et
1074 2963 1195 2994 cum
1227 2950 1300 3021 cd.
1334 2963 1400 3006 pr.
1434 2949 1489 2992 H.
