2098 3470
674 334 775 382 Lib.
808 335 906 381 VII.
971 335 1207 382 Politeles.

1632 338 1735 391 149

258 472 381 524 301.
446 474 613 529 Aliter
652 471 855 526 dulcia:
899 479 1134 527 musteos
1176 474 1318 528 afros
1373 476 1599 545 optimos
1653 493 1733 528 ra-

148 546 244 601 des
287 547 543 620 (panges)
586 554 637 603 et
673 547 726 599 in
768 549 908 602 lacte
947 548 1196 603 infundis,
1239 566 1355 603 cum
1399 550 1642 617 biberint,
1683 550 1736 602 in

146 622 354 675 furnum
414 624 589 677 mittis.
650 641 718 676 ne
778 628 1039 690 arescant,
1099 623 1310 677 modico
1371 624 1587 678 eximes.
1644 641 1736 678 eos

147 697 350 751 calidos
391 698 548 751 melle
588 697 881 766 perfundiS,
925 698 1226 767 conpungis
1266 703 1321 750 ut
1348 698 1545 751 bibant.
1582 699 1737 768 piper

146 772 393 840 aspargis
435 776 487 824 et
524 772 737 825 inferes

258 847 381 899 302.
415 843 621 899 ‘Aliter
650 845 852 899 dulcia:
907 846 1182 913 siligineos
1236 863 1386 900 rasos
1439 847 1632 918 pangis
1686 852 1739 900 et

147 920 381 973 bucellas
421 919 650 974 maiores
688 919 840 986 faciS,
891 920 945 973 in
984 921 1123 974 lacte
1175 920 1425 997 infundiS‚
1480 921 1632 990 frigis
1687 926 1739 977 et

144 994 197 1047 in
239 994 373 1048 oleo.
415 995 519 1048 mel
559 994 899 1064 superfundis
942 999 994 1048 et
1030 995 1245 1049 inferes

145 1157 231 1200 pro
282 1142 436 1187 offulis
479 1156 560 1187 seu
592 1143 806 1187 moi-sulis
838 1143 899 1187 ad

147 1202 446 1251 molliendam
505 1202 659 1246 alvum
717 1207 899 1247 veteres

146 1262 315 1307 medici
348 1263 419 1306 usi
442 1266 562 1306 sunt.
597 1263 724 1318 quod
740 1262 899 1307 videre

145 1323 257 1366 licet
291 1335 315 1366 e
341 1321 500 1367 Galen.
521 1321 592 1365 De
611 1335 758 1377 comp.
778 1322 898 1367 med.

146 1394 235 1426 sec.
270 1380 375 1425 loca
410 1382 434 1424 7
467 1395 510 1436 p.
542 1381 611 1425 58.
635 1381 691 1426 de
713 1382 800 1426 loc.
821 1382 896 1425 aff.

150 1443 187 1484 7.
222 1454 266 1495 p.
302 1441 403 1484 397.
445 1441 601 1484 Diosc.
636 1442 678 1493 2,
713 1442 812 1485 125.
855 1441 898 1492 4,

148 1501 251 1543 187.
285 1498 395 1543 Aet.
433 1502 471 1551 1,
503 1499 546 1551 4,
582 1500 649 1543 12.
694 1499 900 1544 Artemi-

146 1560 244 1604 dor.
284 1561 320 1611 1,
357 1558 424 1602 74.
478 1559 611 1603 Foes.
648 1560 897 1604 Oeconom.

150 1619 189 1663 si
222 1623 280 1663 et
313 1623 499 1674 copto
532 1632 623 1662 non
652 1624 757 1663 sunt
776 1620 899 1676 glos-

149 1691 278 1722 sema
321 1678 382 1721 ad
420 1678 644 1731 „dulcia“,
686 1679 723 1722 is
766 1678 899 1734 panis

148 1737 296 1782 dulcis
337 1737 492 1786 durus,
541 1742 593 1781 ut
625 1750 763 1795 myxa
795 1739 821 1781 i.
857 1752 896 1782 e.

146 1799 280 1853 panis
333 1810 389 1840 ex
443 1796 669 1841 fructibus
711 1798 897 1842 cordiae

146 1869 312 1914 myxae
340 1861 531 1911 paratus
549 1860 691 1912 utque
715 1857 898 1902 bucella

147 1922 194 1961 et
227 1914 530 1967 confractum,
564 1916 624 1960 ad
659 1916 751 1959 alia
786 1930 897 1973 quo-

148 1988 238 2032 que
288 1975 441 2019 dulcia
472 1975 804 2027 insumebatur,
847 1980 898 2019 ut

147 2035 206 2078 ad
239 2034 473 2090 porcellos
506 2039 606 2079 arte
640 2033 791 2079 factos
823 2047 895 2091 ap.

146 2093 426 2145 Pet1·on.4O,
444 2094 483 2137 4.
521 2107 612 2149 quo
646 2094 758 2139 dato
794 2094 897 2139 dac=

144 2153 248 2211 tyli,
280 2166 435 2204 nuces,
469 2153 590 2197 alica
623 2153 787 2198 efarre
806 2153 897 2198 saca

144 2218 195 2257 ta
228 2216 276 2256 et
308 2213 495 2263 elixata,
530 2217 672 2268 copta
705 2218 896 2257 contun-

143 2272 329 2323 duntur,
362 2271 468 2315 huic
483 2271 737 2327 pulticulae
765 2273 898 2328 piper

143 2337 191 2376 et
219 2330 310 2375 mel
327 2330 584 2382 infarcitur,
621 2334 895 2375 totum.coa—

144 2390 304 2446 gulum
337 2388 450 2434 foris
487 2390 583 2434 sale
616 2390 783 2434 leviter
814 2391 896 2434 im-

142 2449 317 2499 buitur,
365 2449 410 2491 in
458 2450 563 2493 oleo
611 2447 797 2504 frigitur
849 2454 897 2494 et

145 2506 329 2551 frictum
346 2508 482 2552 melle
502 2508 778 2563 despumato
795 2522 883 2564 per

144 2565 365 2610 funditur.
415 2592 466 2596 -—
510 2566 619 2610 mel
664 2579 778 2610 corr.
812 2581 897 2623 pro

142 2625 238 2669 vel
271 2629 318 2669 et
351 2624 692 2669 confarcies
716 2640 800 2681 pro
824 2627 899 2669 in-

146 2683 370 2728 farcies
421 2689 473 2728 ut
520 2685 581 2728 sit
642 2684 899 2729 confertam

144 2756 358 2794 massam,
420 2744 559 2787 offam
618 2741 760 2788 facies
815 2758 897 2788 seu

141 2803 350 2847 bucellas
382 2803 482 2846 302.
519 2803 765 2858 coagulum
794 2804 892 2847 304.

143 2867 191 2905 et
223 2861 350 2905 sale
383 2874 439 2905 ex
472 2878 504 2902 π
526 2862 585 2906 Η.
608 2875 693 2917 pro
717 2862 891 2907 sales.

143 2919 199 2965 cf
234 2921 335 2963 366.

232 2979 410 3024 ad301.
445 2983 714 3025 musteos
746 2993 891 3036 panes

991 1145 1089 1188 295.
1129 1169 1177 1173 -
1221 1142 1390 1188 afros
1431 1148 1474 1194 β.
1517 1144 1739 1199 aphros

990 1216 1087 1259 par.
1138 1203 1209 1247 ed.
1258 1217 1326 1258 pr.
1372 1207 1599 1248 musteo
1647 1217 1739 1248 sa-

990 1262 1082 1308 fro
1096 1276 1118 1307 s
1149 1280 1174 1318 γ
1191 1268 1237 1307 et
1254 1262 1340 1307 flor
1365 1276 1530 1319 panem
1547 1262 1740 1318 aphrum

989 1322 1062 1367 bis
1094 1321 1239 1367 habes
1273 1323 1401 1378 apud
1433 1322 1547 1367 Plin.
1574 1322 1679 1368 Val.
1698 1324 1740 1378 2,

990 1383 1059 1426 28.
1094 1382 1439 1426 alexandrinum
1465 1383 1564 1426 118.
1597 1382 1740 1426 Alex-

990 1441 1094 1485 and.
1131 1442 1271 1485 Trall.
1295 1442 1337 1492 8,
1358 1443 1394 1485 7.
1431 1442 1554 1486 Cael.
1576 1441 1738 1487 Aurel.

992 1500 1146 1545 chron.
1166 1501 1206 1544 4.
1227 1515 1283 1545 ex
1305 1500 1537 1546 frumento
1555 1502 1741 1546 alexan-

992 1561 1127 1604 drino
1148 1561 1364 1605 candido.
1399 1561 1513 1604 Plin.
1538 1562 1605 1614 18,
1625 1563 1738 1605 66-

991 1620 1061 1663 68.
1106 1621 1177 1671 20,
1210 1621 1306 1664 163.
1352 1620 1585 1676 Theophr.
1633 1620 1738 1665 hist.

990 1679 1134 1735 plant.
1175 1680 1215 1730 8,
1249 1680 1291 1731 4,
1324 1681 1364 1723 3.
1401 1679 1609 1735 Geopon.
1635 1682 1677 1728 3.
1697 1682 1739 1731 3,

993 1740 1059 1781 11.
1093 1740 1135 1790 3,
1169 1739 1207 1782 8.
1243 1739 1269 1783 i.
1295 1752 1332 1782 e..
1369 1753 1425 1783 ex
1458 1740 1614 1784 tritico
1648 1740 1741 1784 ale-

989 1798 1214 1842 xandrino
1235 1799 1360 1854 quod
1379 1797 1512 1843 farris
1539 1799 1741 1854 speciem

989 1859 1325 1913 interpretatur
1383 1857 1633 1903 Schneider
1680 1859 1741 1902 ad

988 1917 1181 1961 Varron.
1227 1931 1271 1972 p.
1305 1918 1403 1961 380.
1450 1916 1505 1962 cf.
1550 1932 1636 1962 nos
1680 1918 1742 1962 ad

989 1977 1539 2021 300ct180.musteos
1565 1977 1740 2032 apios

990 2036 1062 2080 ed.
1107 2036 1239 2079 Hum.
1284 2036 1310 2079 i.
1347 2050 1383 2080 e.
1430 2037 1524 2092 apii
1555 2037 1740 2087 bulbos,

989 2095 1158 2139 mustei
1208 2096 1286 2139 isti
1345 2101 1451 2140 sunt
1516 2101 1739 2147 recentes,

989 2155 1149 2205 teneri,
1184 2154 1367 2198 dulces!
1402 2181 1456 2186 —
1482 2156 1740 2211 optimos

987 2214 1448 2269 interpretamentum
1473 2215 1738 2266 videtur,—

986 2285 1213 2328 panges
1248 2273 1397 2317 adieci
1430 2278 1477 2317 et
1504 2274 1739 2319 modico

987 2332 1152 2388 scripsi
1184 2346 1267 2388 pro
1301 2333 1535 2377 modice
1568 2334 1668 2378 241.

1078 2450 1139 2494 ad
1163 2451 1267 2495 302.
1299 2451 1624 2507 siligineos
1659 2464 1740 2507 pa-

989 2522 1085 2560 nes,
1120 2522 1175 2553 ex
1208 2510 1406 2565 siligine,
1449 2524 1619 2566 genere
1662 2511 1740 2554 tri-

989 2568 1071 2611 tici
1094 2568 1314 2612 levissimi
1337 2573 1384 2613 et
1407 2569 1739 2621 candidissimi,

990 2627 1134 2670 tritici
1165 2627 1344 2672 hiberni
1375 2629 1424 2671 L.
1461 2628 1625 2673 factos.
1658 2629 1740 2672 Isi·

993 2686 1089 2730 dor.
1128 2687 1196 2737 17,
1230 2687 1272 2738 3,
1300 2688 1337 2730 7.
1362 2687 1421 2730 al.
1459 2714 1512 2718 —
1550 2687 1740 2740 „radere

986 2748 1179 2800 panem“
1216 2746 1397 2802 explico
1432 2745 1738 2803 confringere,

987 2802 1215 2861 frangere,
1248 2805 1423 2857 reiben,
1455 2806 1562 2850 inde
1590 2819 1739 2850 roma-

985 2877 1092 2907 num
1125 2863 1247 2906 ralar
1280 2864 1452 2916 reiben,
1485 2865 1583 2908 ralo
1617 2865 1737 2909 reib-

985 2922 1109 2966 eisen
1153 2922 1252 2966 240.
1290 2948 1342 2953 ——
1375 2924 1587 2980 pangis
1622 2937 1736 2970 corr.

983 2995 1067 3038 pro
1101 2980 1348 3038 frangis.
