2098 3470
729 347 827 391 Lib.
861 346 961 391 VII.
994 346 1231 392 Politeles.

1647 346 1749 398 131

275 479 396 531 255.
440 479 707 531 'surdos
747 485 1010 547 aponto
1050 494 1364 533 moenos:
1399 482 1540 531 teres
1581 477 1752 548 piper,

159 553 318 617 lasar‚
361 554 552 605 bacam
590 552 741 618 lauri,
784 553 1048 606 admisces
1089 553 1302 605 comino
1345 567 1534 617 garum
1576 555 1631 604 et
1674 550 1752 604 sic

159 625 341 677 turdos
381 642 478 693 per
518 631 695 692 guttur
733 626 906 692 inples
962 631 1013 678 et
1062 626 1149 678 filo
1204 625 1420 692 ligabis,
1479 629 1531 677 et
1581 623 1752 677 facies

162 698 236 750 eis
294 698 575 768 inpensam
632 700 686 750 in
745 715 849 767 qua
908 699 1295 765 decoquantur,
1359 714 1497 764 quae
1555 697 1754 751 habeat

167 772 358 837 oleum,
402 773 558 838 sales,
601 789 809 838 aquam,
852 777 1065 825 anetum
1107 771 1375 840 etcapita
1413 787 1703 839 porrorum.

271 846 393 897 256.
437 846 798 898 Turtures:
856 846 1085 915 aperieS,
1141 844 1395 899 onerabis
1448 844 1749 911 diligenter.

157 922 297 970 teres
336 918 506 987 piper,
548 919 708 984 lasar,
750 917 1020 985 liquamen
1058 919 1348 973 modicum.
1397 917 1635 970 infundis
1674 917 1751 985 ip-

159 1007 246 1043 sos
285 996 513 1044 turtures
553 996 609 1043 ut
649 992 937 1045 conbibant
976 993 1104 1046 sicci
1144 998 1196 1046 et
1239 993 1316 1046 sic
1355 1007 1522 1044 assas.

271 1065 393 1118 257.
435 1066 546 1118 Ius
585 1065 653 1117 in
690 1066 1061 1138 perdices:
1103 1072 1248 1120 teres
1290 1066 1344 1118 in
1383 1064 1632 1122 mortario
1673 1064 1751 1132 pi-

158 1155 270 1206 per,
325 1139 518 1207 apium,
570 1145 802 1192 mentam
856 1145 908 1193 et
960 1145 1147 1206 rutam,
1203 1139 1470 1193 suffundis
1523 1143 1750 1205 acetum,

158 1211 314 1264 addis
356 1212 627 1280 cariotam,
668 1214 774 1267 mel
813 1219 1074 1281 acoetum,
1115 1214 1409 1281 liquamen,
1452 1212 1640 1266 oleum.
1684 1211 1751 1264 si-

158 1286 264 1338 mul
304 1303 501 1354 coques
543 1292 595 1340 et
631 1286 846 1341 inferes,

386 1463 654 1531 Incipit
691 1463 892 1532 Apici
934 1464 1128 1516 Caeli
1172 1464 1531 1534 politeleS.

812 1582 943 1635 LIB.
986 1583 1104 1636 VII.

268 1698 391 1750 258.
435 1697 698 1751 Vulvae
738 1699 1059 1753 steriles:
1103 1699 1277 1761 lasere
1317 1699 1508 1752 vulvas
1540 1731 1612 1737 —
1651 1697 1749 1752 sed

157 1771 391 1838 accipies
432 1771 750 1825 cirenaicum
790 1773 874 1825 vel
914 1773 1172 1843 particum
1200 1804 1273 1811 -—-
1309 1777 1465 1827 aceto
1495 1777 1547 1826 et
1583 1773 1750 1839 liqua-

158 1914 401 1955 spanum
423 1906 470 1945 et
490 1902 590 1958 isp.
627 1903 759 1947 codd.
781 1902 837 1947 cf.
859 1905 899 1948 5.

160 1984 213 1991 --
247 1973 311 2003 ex
343 1973 403 2003 se
435 1962 574 2005 amb.
611 1961 668 2007 cf.
701 1963 746 2005 in
768 1976 902 2007 sere-

159 2018 255 2062 dire
291 2020 325 2061 1.
373 2044 423 2048 —
470 2020 639 2064 lavas
671 2021 768 2065 iure
802 2022 903 2066 reli-

159 2091 250 2177 {Juo
281 2081 542 2178 gertangis.
592 2078 647 2123 cf.
691 2093 747 2123 ex
783 2081 903 2124 lacte

247 2194 307 2237 ad
340 2196 437 2238 255.
491 2208 547 2239 ea
578 2201 630 2239 ut
669 2197 769 2240 256.
803 2198 901 2241 257.

158 2265 214 2297 ex
232 2253 473 2309 Excerptis
493 2254 593 2298 cod.
618 2255 800 2300 salmas.
821 2262 904 2300 est.

159 2318 385 2366 aponto
413 2326 608 2357 menus
634 2315 737 2357 etin
756 2315 904 2358 lemm.

159 2375 628 2425 apantomoenos
658 2374 759 2417 cod.
782 2374 907 2429 quod

158 2429 371 2484 aenigma
432 2430 643 2486 legebam
709 2432 906 2472 ἀποκοπ-

159 2490 366 2539 τομένους
460 2495 712 2544 parcoptos
806 2490 906 2535 244.

159 2544 362 2585 ἇπάντων
403 2546 614 2599 ἇμείνους,
655 2562 907 2604 apamenos

160 2617 217 2648 ex
248 2602 461 2659 Apamea
493 2606 722 2663 Phrygiae
755 2608 905 2663 regio-

159 2676 230 2714 ne,
263 2676 289 2706 a
321 2669 465 2719 panto
499 2679 533 2709 s.
567 2667 722 2720 pando
752 2679 906 2711 amoe-

159 2735 258 2772 nos,
317 2728 364 2766 et
417 2736 445 2766 a
491 2726 671 2779 partico
721 2726 906 2780 (lasare)

159 2793 379 2826 amoenos
423 2787 471 2826 et
503 2796 531 2826 a
563 2797 707 2838 penso
740 2798 826 2828 am.
862 2790 910 2829 et

160 2839 217 2882 de
249 2840 407 2885 insulis
439 2844 640 2897 ponticis
673 2842 908 2888 Italiae'li-

160 2898 251 2941 tori
283 2900 572 2945 meridionali
589 2902 910 2947 adiacentibus

162 2957 425 3011 cogitabam
472 2962 531 3004 ob
564 2961 759 3006 Varron.
793 2963 834 3013 3,
868 2963 909 3013 5,

997 1905 1035 1948 7.
1082 1930 1132 1935 -
1178 1904 1410 1948 cumino
1456 1917 1604 1960 garu
1647 1903 1750 1948 cod.

994 1963 1227 2019 peculiare
1261 1963 1529 2019 eleogarum
1571 1962 1751 2007 intelle·

994 2035 1078 2078 gas
1121 2028 1169 2066 et
1212 2022 1269 2066 de
1313 2023 1494 2066 comino
1541 2035 1576 2066 s.
1612 2022 1750 2066 comi-

994 2082 1070 2125 nio
1105 2082 1210 2125 oleo
1245 2079 1303 2125 cf.
1337 2081 1453 2124 Plin.
1489 2082 1558 2132 15,
1590 2082 1657 2124 13.
1679 2081 1749 2124 20.

1086 2140 1146 2183 ad
1186 2140 1286 2183 256.
1351 2140 1598 2184 ornabis
1647 2138 1749 2183 cod.

996 2199 1151 2242 malim
1194 2199 1433 2253 spissos
1466 2212 1551 2254 pro
1584 2199 1751 2253 ipsos

1000 2262 1046 2302 et
1078 2271 1283 2302 sucum
1317 2271 1402 2312 pro
1435 2257 1594 2301 sicci.
1631 2262 1752 2301 cete-

998 2330 1095 2360 rum
1122 2315 1179 2360 cf.
1208 2317 1306 2360 203.
1338 2317 1506 2372 pungis
1519 2316 1690 2371 ubique
1705 2320 1753 2360 et

999 2377 1099 2418 239.
1143 2376 1212 2419 ius
1255 2373 1458 2419 infundis
1496 2380 1548 2419 ut
1580 2374 1746 2419 combi-

998 2435 1095 2478 bat.
1140 2447 1197 2478 ex
1239 2434 1320 2477 illo
1361 2434 1466 2478 loco
1501 2434 1610 2478 olim
1644 2434 1752 2479 scri-

997 2493 1165 2537 bebam
1200 2493 1547 2549 conpungis.

1116 2551 1177 2594 ad
1228 2552 1327 2595 257.
1398 2552 1754 2607 apiomenta

999 2609 1103 2657 cod.
1138 2615 1186 2654 et
1217 2610 1323 2655 mel
1360 2615 1592 2655 acetum
1624 2610 1750 2651 ἄκοι-

998 2684 1075 2708 τον
1107 2669 1175 2712 69.
1213 2694 1266 2699 —
1310 2669 1489 2713 simul
1528 2682 1620 2721 una
1652 2682 1753 2713 cum

998 2727 1296 2782 perdicibus?
1374 2729 1515 2772 malui
1575 2728 1753 2773 simul

1001 2791 1236 2842 coquet,
1284 2786 1395 2830 inf.
1428 2801 1550 2832 nunc
1597 2786 1753 2832 confe-

1001 2858 1104 2889 rens
1139 2846 1239 2889 240.
1274 2845 1385 2889 nihil
1418 2852 1560 2892 muto.

1088 2903 1180 2948 Ad
1212 2904 1427 2949 librum
1453 2906 1551 2950 VII.
1597 2906 1754 2951 inscri-

1002 2962 1126 3006 bitur
1159 2963 1392 3016 πολυτελὴς
1434 2966 1492 3010 ab
1526 2966 1753 3020 impensa-
