2098 3470
386 323 457 377 90
891 326 992 372 Lib.
1026 326 1106 373 IV.
1170 328 1440 376 Pandectes.

384 473 570 526 pones,
614 459 716 513 olei
756 460 1021 515 modicum
1062 462 1447 532 superstillabis
1489 468 1540 519 et
1581 481 1697 518 cum
1725 465 1970 520 ciminato

382 531 597 588 inferes.
999 588 1008 597 ,

503 609 621 661 168.
664 609 916 662 Patina
956 610 1037 663 de
1077 609 1282 679 piris:
1324 609 1440 681 pira
1482 610 1622 665 elixa
1662 616 1714 665 et
1747 618 1974 684 purgata

387 698 415 734 e
454 681 631 735 medio
681 687 821 736 teres
876 701 994 736 cum
1047 684 1250 753 pipere,
1305 685 1512 752 cimino,
1566 687 1740 753 melle,
1791 704 1971 757 pass0,

383 756 688 823 liquamine,
732 757 849 811 oleo
893 757 1117 811 modico,
1163 759 1276 811 ovis
1314 759 1487 812 missis
1522 760 1759 831 patinam
1785 760 1969 816 facies.

382 831 538 902 piper
577 847 738 899 super
777 832 1023 899 aspargis
1065 836 1116 885 ct
1153 832 1366 886 inferes

500 906 620 958 169.
688 905 939 959 Pati'na
1004 906 1383 960 urticarum
1438 907 1671 961 calida
1724 912 1786 961 et
1848 908 1972 961 fri-

385 978 580 1047 gida:
631 978 852 1032 urticam
904 979 1154 1051 accipieS,
1207 981 1374 1048 lavaS,
1435 982 1581 1034 colas
1634 999 1730 1050 per
1783 984 1971 1049 colum,

385 1053 671 1120 exiccabis,
724 1053 778 1106 in
836 1055 1018 1107 tabula
1077 1071 1195 1107 eam
1261 1054 1526 1108 concides.
1581 1061 1722 1109 teres
1774 1057 1973 1125 piperis

386 1128 646 1198 scripulos
701 1128 767 1180 X.
822 1127 1095 1181 suffundes
1146 1129 1430 1195 liquamen,
1496 1129 1729 1183 fricabiS.
1784 1135 1975 1198 postea

386 1203 588 1256 adicies
628 1202 927 1268 liquaminis
970 1202 1134 1256 ciatos
1174 1203 1243 1255 II.
1287 1203 1390 1256 olei
1428 1219 1545 1256 unc.
1575 1205 1664 1257 VI.
1708 1205 1973 1258 caccabus

384 1276 606 1331 ferveat.
652 1293 769 1329 cum
809 1276 1077 1342 fervuerit,
1121 1282 1326 1330 coctum
1366 1277 1522 1330 tolles
1550 1282 1605 1329 ut
1641 1277 1973 1345 refrigescat.

383 1356 576 1419 postea
628 1349 867 1421 patinam
919 1351 1169 1403 mundam
1221 1367 1543 1420 perungueS,
1596 1351 1813 1419 franges
1873 1369 1976 1405 ova

386 1430 504 1479 octo
560 1430 612 1478 et
662 1424 909 1492 agitabis.
963 1425 1269 1493 perfundes,
1313 1427 1496 1478 subtus
1545 1442 1705 1494 supra
1744 1426 1974 1479 cinerem

386 1499 616 1554 calidum
665 1499 875 1552 habeat.
933 1505 1156 1566 coctum,
1210 1499 1364 1570 piper
1422 1499 1676 1552 minutum
1731 1501 1974 1568 aspargis

385 1578 439 1628 et
475 1572 690 1626 inferes.

504 1648 623 1701 170.
684 1647 937 1699 Patina
997 1646 1077 1700 de
1136 1646 1488 1702 cidoneis:
1557 1647 1698 1699 mala
1751 1646 1976 1701 cidonea

389 1738 506 1774 cum
548 1721 737 1791 porris,
779 1721 953 1788 melle,
994 1721 1298 1787 liquamine,
1342 1721 1460 1774 oleo
1491 1721 1749 1775 defricato
1777 1738 1975 1788 coques

387 1801 439 1849 et
476 1796 693 1861 infereS,
735 1796 820 1848 vel
862 1795 1058 1848 elixata
1099 1812 1166 1848 ex
1205 1795 1378 1848 melle.

505 1871 625 1922 171.
692 1868 1001 1940 [Minutal
1055 1868 1135 1922 de
1187 1869 1505 1937 piscibus
1556 1870 1665 1921 vel
1704 1868 1972 1940 isiciis]

386 1943 685 1996 Minuta]
718 1943 1080 1995 marinum:
1123 1943 1300 2011 pisces
1339 1942 1392 1994 in
1427 1943 1731 2009 caccabum,
1773 1942 1974 1996 adicies

385 2017 671 2085 liquamen,
714 2018 905 2083 oleum,
947 2018 1141 2084 vinum,
1187 2022 1401 2070 coctura
1452 2033 1639 2084 porros
1694 2017 1972 2087 capitatOS,

388 2092 724 2144 coriandrum
779 2091 1075 2143 minutatim
1129 2090 1380 2144 concides
1451 2091 1659 2143 isiciola
1712 2090 1779 2144 de
1819 2091 1974 2159 pisci-

385 2166 484 2219 bus
524 2166 725 2218 minuta
763 2165 949 2232 facieS,
995 2171 1046 2218 et
1084 2166 1278 2234 pulpas
1319 2165 1481 2236 piscis
1523 2164 1663 2217 cocti
1705 2164 1972 2233 concapiS,

483 2312 543 2355 ad
563 2313 660 2356 168.
694 2313 876 2370 pyris,
896 2324 1043 2368 pyra
1066 2311 1139 2358 ed.

384 2385 454 2427 pr.
504 2371 637 2416 Hum.
685 2399 734 2402 —
782 2385 807 2416 e
840 2371 1032 2415 medio
1076 2371 1141 2413 in-

387 2431 620 2474 trinsecus
655 2430 752 2474 174.
775 2457 826 2462 —
853 2430 975 2474 forte
1008 2430 1140 2473 ovis

390 2490 592 2533 mistis
625 2503 708 2534 seu
739 2490 959 2533 mixtis.

480 2549 541 2592 ad
566 2549 662 2592 169.
697 2549 1024 2592 urticarum
1047 2561 1139 2590 non

389 2608 665 2651 rusticarum
701 2608 798 2651 102.
833 2607 916 2652 sed
945 2607 1139 2650 marina-

385 2680 499 2718 rum,
534 2678 651 2722 quae
668 2667 786 2711 bene
804 2667 1019 2710 lavantur
1039 2667 1134 2709 17]..

385 2738 414 2768 a
447 2739 558 2770 suco
600 2726 755 2770 viroso
799 2730 846 2769 et
885 2729 1058 2770 urente.
1099 2725 1138 2768 si

386 2797 487 2829 eam
522 2785 910 2841 compositionemv
923 2789 1049 2828 recte
1072 2784 1133 2827 in-

383 2843 577 2899 tellego,
603 2857 704 2886 cum
728 2844 825 2887 iure
848 2844 1022 2898 scripto
1048 2856 1138 2886 ova

384 2903 430 2946 in
461 2903 624 2957 patina
657 2901 807 2946 fracta
841 2902 1138 2958 coagitantur

383 2966 642 3019 posteaque
674 2962 723 3005 id
755 2962 826 3006 ius
858 2974 995 3020 super
1027 2962 1136 3009 urti-

1234 2324 1334 2355 cam
1377 2310 1594 2355 funditur.
1652 2337 1697 2340 —
1747 2317 1974 2357 coctum

1233 2384 1334 2414 curn
1377 2369 1528 2414 fuerit.
1573 2376 1798 2414 coctam
1839 2372 1974 2415 codd.

1231 2442 1289 2472 an
1323 2434 1531 2473 coctae
1562 2435 1625 2484 p?

1320 2489 1382 2531 ad
1417 2490 1514 2531 171.
1547 2489 1813 2540 minutal,
1846 2493 1972 2544 περί-

1231 2565 1391 2600 κομμα,
1406 2548 1546 2591 edulii
1558 2561 1704 2603 genus
1718 2552 1975 2601 „vocatum,

1232 2607 1361 2662 quod
1392 2603 1476 2650 fiat
1508 2607 1565 2650 de
1597 2606 1799 2661 piscibus
1834 2612 1880 2650 et
1901 2607 1976 2650 isi-

1230 2667 1311 2710 ciis
1365 2665 1657 2720 oleribusque
1715 2666 1975 2708 minutatim

1230 2725 1467 2768 concisis“.
1511 2724 1672 2767 Isidor.
1718 2725 1789 2774 20,
1831 2725 1871 2773 2,
1904 2726 1972 2767 29.

1229 2784 1350 2827 unde
1398 2783 1624 2836 „varium“
1662 2783 1862 2826 Martiali
1904 2784 1974 2834 11,

1228 2844 1299 2893 32,
1336 2843 1401 2885 11.
1437 2842 1720 2884 marinum
1753 2855 1810 2885 ex
1840 2843 1974 2898 pisci-

1228 2902 1316 2945 bus
1362 2901 1549 2945 marinis
1596 2901 1667 2944 37.
1722 2906 1769 2944 et
1815 2901 1974 2945 urticis
2010 2941 2013 2943 ,

1229 2961 1415 3004 marinis
1435 2961 1768 3005 concinnatum.
1787 2986 1835 2990 —
1853 2961 1923 3004 mi
1937 2966 1974 3004 t-
