2098 3470
759 320 857 363 Lib.
881 320 962 363 IX.
1009 318 1217 363 Talassa.
1661 319 1764 371 193

287 455 412 506 431.
471 455 546 505 In
597 451 845 506 sardis.
913 451 1128 504 sardem
1160 449 1400 503 farsilem
1451 449 1528 502 sic
1583 449 1765 502 facere

178 531 412 594 oportet:
463 527 622 579 sarda
675 529 969 579 exossatur.
1023 525 1264 577 attoritur
1311 523 1563 591 puleium,
1619 522 1761 575 cimi-

176 618 314 653 num.
356 600 556 668 piperis
597 616 781 666 grana,
822 603 1072 664 mentam,
1122 613 1302 663 nuceS,
1356 596 1476 649 mel.
1530 596 1762 664 inpletur

178 679 230 727 et
269 674 552 740 consuitur,
593 673 875 725 involvitur
913 672 967 723 in
1022 676 1170 725 carta
1223 675 1275 724 et
1324 670 1401 723 sic
1454 686 1765 738 supra-va-

175 764 360 815 porem
409 747 548 813 ignis
600 747 654 798 in
707 746 959 816 operculo
1014 744 1344 814 conponitur.
1401 743 1645 797 conditur
1698 761 1766 797 ex

177 822 313 886 oleo,
357 837 605 885 caroenO,
647 820 834 873 allece.

287 894 410 945 432.
455 893 629 946 Sarda
665 894 740 945 ita
778 893 861 948 fit:
904 891 1143 957 coquitur
1182 890 1344 943 sarda
1385 895 1438 943 et
1467 895 1762 944 exossatur.

175 967 358 1019 teritur
395 967 550 1037 piper
590 983 658 1019 ex
707 966 958 1033 ligisticO,
1009 964 1157 1031 timo,
1194 964 1434 1031 origam,
1488 969 1621 1031 ruta,
1679 982 1763 1017 ca-

175 1041 382 1107 riotam,
424 1041 582 1093 melle
623 1045 677 1093 et
725 1040 780 1092 in
831 1038 1049 1092 vasculo
1104 1038 1217 1090 ovis
1264 1038 1493 1091 concisis
1548 1042 1766 1090 ornatur

176 1115 416 1181 inpensa.
476 1114 653 1166 vinum
723 1113 1009 1178 modicum,

177 1189 351 1240 oleum
389 1187 573 1240 viride.

238 1308 242 1312 .
287 1261 412 1313 433.

1081 1116 1306 1178 acetum,
1376 1111 1655 1165 defrictum
1716 1116 1768 1165 et

485 1262 575 1313 Ius
626 1261 680 1312 in
729 1259 917 1312 sarda:
971 1258 1142 1329 piper,
1199 1259 1495 1325 origanum,
1553 1275 1763 1327 cepam,

176 1334 314 1387 aceti
353 1333 619 1387 modicum
660 1339 712 1388 et
751 1334 940 1387 oleum.

287 1408 413 1460 434.
467 1409 556 1461 Ius
596 1408 651 1459 in
702 1406 890 1463 sarda:
944 1405 1115 1475 piper,
1168 1404 1471 1472 ligisticum,
1527 1410 1762 1460 mentam

177 1480 400 1547 aridam,
444 1496 648 1551 cepam,
692 1485 900 1535 coctum
940 1480 1061 1546 mel,
1117 1484 1343 1546 acetum,
1399 1480 1589 1533 oleum.
1643 1497 1764 1548 per-

176 1553 386 1621 fundeS‚
428 1571 689 1622 asparges
730 1555 843 1607 ovis
885 1554 1028 1607 duris
1070 1552 1309 1605 concisis.

288 1628 544 1682 435.1us
584 1628 638 1680 in
681 1626 936 1699 [cordula]
992 1625 1180 1681 sarzda
1234 1627 1405 1695 piper,
1460 1625 1764 1693 ligisticum,

179 1700 268 1769 api
308 1718 508 1769 semen,
551 1707 799 1770 mentam,
840 1707 1029 1769 rutam,
1071 1701 1342 1767 cariotam,
1376 1700 1498 1767 mel,
1539 1705 1765 1768 acetum,

176 1775 356 1828 vinum
397 1780 449 1830 et
488 1776 678 1829 oleum.

178 1877 328 1920 Plaut.
362 1877 483 1921 Rud.
517 1879 616 1922 299.
651 1877 769 1922 Cels.
791 1878 833 1928 2,
853 1878 925 1921 29.

177 1935 364 1989 μὺτυλος
380 1939 517 1989 θτμῡς
530 1936 824 1982 Graecorum.
843 1949 923 1980 no-

178 1994 249 2040 bis
263 1999 333 2039 est
345 1995 677 2041 miesmuschel.
694 2021 749 2028 —-
763 2008 791 2039 a
803 2009 869 2052 qu
879 2007 926 2038 a·

179 2054 222 2097 ti
254 2054 344 2098 ius
378 2054 511 2098 codd.

268 2112 445 2156 ad431.
481 2114 782 2158 attoritur
809 2125 925 2157 corr.

178 2184 263 2227 pro
297 2176 351 2215 et
383 2172 620 2216 teritur.
657 2171 834 2216 cf.275.
860 2172 926 2215 in-

180 2230 352 2287 tellego
385 2231 588 2286 puleium
614 2231 792 2275 aridum
828 2231 925 2274 116.

182 2289 279 2332 179.
315 2290 405 2333 Cic.
441 2290 498 2334 de
532 2290 670 2334 divin.
706 2292 747 2342 2,
768 2290 837 2341 14.
855 2291 927 2333 33.

181 2352 228 2392 et
260 2349 487 2392 cuminum
519 2362 673 2393 assum
691 2324 790 2392 212.
825 2323 928 2392 i'ric-

181 2410 278 2450 tum
308 2408 494 2462 passim,
527 2406 829 2452 torrefactum
853 2420 928 2462 ap.

181 2464 360 2508 Pallad.
397 2467 437 2517 1,
470 2467 541 2518 27,
574 2468 616 2510 3.
649 2491 705 2498 -—-
747 2479 928 2511 nuces

182 2525 317 2567 tritas
349 2499 449 2567 442'.
485 2550 538 2555 -
577 2525 634 2569 de
668 2530 796 2569 carta
827 2526 927 2568 369.

184 2609 237 2615 ——
273 2578 661 2638 ope1·cul.‘.207.
699 2609 750 2614 —
784 2583 930 2628 alle-

181 2656 253 2699 go
287 2642 421 2686 codd.
457 2643 556 2686 262.
589 2643 688 2686 288.
725 2668 777 2673 -
812 2647 932 2687 cete-

182 2715 280 2745 rum
299 2702 438 2745 sarda
461 2706 532 2746 est
553 2701 773 2757 „pelamis
790 2702 933 2758 longa

183 2773 241 2804 ex
271 2773 446 2805 oceano
474 2762 689 2806 veniens“
725 2761 841 2818 Pliu.
860 2763 932 2811 32,

186 2820 284 2863 151.
317 2821 457 2864 sarda
499 2834 580 2865 seu
612 2821 824 2865 scomber
856 2834 934 2876 pe-

185 2879 348 2936 lamys,
367 2880 539 2924 bonite.
558 2880 807 2935 pisciculus
826 2893 934 2924 con-

184 2942 258 2981 tra
306 2951 440 2994 quem
488 2939 680 2983 dicimus
735 2939 935 2984 sardclle

231 3012 269 3044 C.
300 3014 449 3053 Apicius
476 3015 532 3046 od.
559 3014 715 3046 Schuch.

1014 1876 1295 1921 Graecorum
1328 1881 1403 1921 est
1425 1879 1588 1932 τριχίας
1605 1880 1653 1921 et
1677 1892 1768 1933 τρι-

1014 1938 1086 1989 χὶς
1102 1940 1150 1980 et
1167 1934 1478 1991 ἐγκρασίχολος,
1511 1935 1677 1992 clupea
1693 1949 1769 1980 en-

1016 1995 1267 2039 crasicolus
1299 1995 1397 2038 Lin.

1105 2053 1166 2097 ad
1183 2053 1283 2097 432.
1316 2054 1529 2110 pipere
1560 2053 1596 2096 l.
1632 2053 1770 2098 codd.

1018 2113 1311 2157 cariotam
1343 2113 1530 2158 adicies.
1550 2137 1605 2144 -
1638 2113 1770 2157 mel-

1015 2172 1067 2215 le
1100 2171 1294 2227 eolliges
1327 2176 1375 2216 et
1391 2171 1691 2227 temperabis.
1714 2196 1772 2207 -ν-

1019 2231 1285 2275 concisis
1319 2244 1433 2275 corr.
1477 2244 1563 2287 pro
1595 2231 1768 2274 incis.

1019 2303 1076 2334 ex
1106 2289 1207 2333 434.
1249 2290 1311 2333 ad
1343 2291 1442 2333 298.

1107 2349 1169 2392 ad
1199 2348 1301 2393 434.
1346 2349 1480 2393 deest
1509 2349 1557 2392 in
1589 2360 1682 2392 sex.
1718 2372 1773 2378 ——

1019 2410 1250 2451 costtsm
1282 2421 1368 2463 pro
1401 2411 1629 2452 coctum
1662 2405 1773 2451 olim

1020 2479 1135 2510 corr.
1175 2479 1232 2511 ex
1261 2466 1363 2510 426.
1407 2466 1492 2511 sed
1532 2466 1632 2510 300.
1670 2466 1773 2509 471.

1021 2525 1296 2573 Caton.127.
1314 2539 1339 2570 c
1353 2539 1379 2570 0
1395 2530 1548 2570 ctum
1564 2524 1672 2569 mel
1691 2528 1776 2575 est,

1022 2584 1266 2628 decoctum
1297 2584 1414 2628 Plin.
1449 2585 1522 2636 20,
1557 2584 1623 2627 15.
1658 2583 1777 2628 Scri-

1021 2643 1128 2688 bon.
1165 2643 1263 2687 154.
1298 2644 1622 2699 despumatum
1654 2642 1773 2683 ἄπα-

1025 2704 1255 2758 φρισμένον
1286 2707 1334 2748 et
1366 2701 1533 2758 ἓψηθὲν
1574 2702 1776 2747 medico-

1025 2775 1136 2805 rum.
1174 2787 1227 2791 —

1114 2820 1175 2863 ad
1191 2820 1294 2865 435.
1327 2821 1373 2863 in
1400 2833 1482 2865 sex
1514 2819 1651 2865 codd.
1686 2833 1776 2864 om.

1026 2879 1291 2933 cordula,
1324 2880 1370 2923 in
1402 2883 1433 2931 β
1459 2883 1508 2924 et
1525 2879 1598 2924 ed.
1617 2892 1685 2935 pr.
1705 2883 1778 2923 est

1026 2950 1162 2982 assa
1194 2952 1278 2994 pro
1311 2938 1502 2990 sarda,
1534 2939 1580 2983 in
1605 2955 1630 2992 y
1661 2950 1778 2982 sar—

1521 3027 1574 3069 13
