2098 3470
811 302 1063 348 Praefatio.
1554 374 1558 378 ῃ
1662 289 1727 355 17

140 440 438 509 „offensam
463 437 684 506 sineque
708 435 887 490 taedio
917 452 949 488 a
986 434 1239 488 studiosis
1276 435 1516 489 omnibus
1542 440 1595 490 et
1621 435 1732 503 legi

143 534 231 597 „et
250 527 482 581 maxima
503 543 569 579 ex
590 529 741 593 parte
759 523 983 590 intelligi
1006 523 1189 591 possit,
1219 523 1479 577 edidimus
1493 525 1726 593 inquam,

141 623 235 686 „ut
274 622 325 670 et
351 615 466 669 aliis
494 615 561 667 de
587 613 782 666 musilli
821 612 1165 666 succurrendi
1201 613 1554 682 occasionem,
1596 614 1729 682 pris:

141 723 272 774 „cos
310 706 364 758 in
404 704 505 757 hoc
546 704 811 769 aemulati,
855 701 942 768 qui
982 701 1289 771 priusquam
1315 718 1401 754 ars
1429 702 1639 756 medica
1678 703 1734 754 in

141 793 485 863 „methodum
513 797 654 846 esset
679 791 899 845 redacta
924 790 1120 844 morbis
1162 806 1451 858 oppressos
1484 790 1540 843 in
1566 791 1733 844 triviis

140 887 233 950 „et
253 881 493 949 compitis
512 881 830 947 statuebant,
862 884 918 932 ut
941 897 974 932 a
998 878 1460 951 praetereuntibus
1491 878 1731 933 salubres

140 973 476 1039 „morborum
503 969 741 1023 medelas
769 968 1187 1038 perdisce1·ent.“
1216 973 1270 1020 ut
1294 968 1406 1021 eius
1440 968 1613 1021 insani
1644 975 1737 1023 cri-

140 1060 267 1127 „tici
287 1059 545 1113 rationem
571 1058 883 1127 perspicias,
914 1057 1140 1112 deliciae
1167 1061 1401 1125 nostrae,
1432 1061 1593 1124 utque
1624 1057 1737 1112 eius

141 1164 371 1216 „nomen
392 1165 498 1201 non
520 1147 745 1216 amplius
779 1147 1005 1216 spatium
1028 1162 1339 1201 concessum
1375 1145 1606 1214 claudat,
1635 1146 1744 1215 pri-

142 1254 320 1306 „mam
355 1237 792 1306 compositionem
826 1237 954 1290 satis
988 1236 1160 1291 habeo
1195 1235 1522 1305 appinxisse.
1570 1235 1740 1307 „Con-

141 1325 276 1394 „diti
315 1326 583 1394 paradoxi
624 1326 939 1394 compositio
991 1326 1066 1380 sic
1105 1325 1294 1380 habet:
1348 1325 1520 1379 mellis
1560 1331 1740 1395 partes

142 1414 481 1482 „quindecim
519 1415 573 1466 in
612 1430 708 1467 vas
749 1431 973 1468 aeneum
1013 1415 1297 1482 mittuntur,
1338 1415 1649 1483 praemissis
1688 1417 1742 1470 in

143 1502 236 1571 „id
259 1503 366 1556 vini
401 1502 649 1556 sextariis
684 1502 908 1571 duobus,
939 1520 1074 1571 quae
1103 1504 1302 1572 pariter
1325 1503 1396 1556 ad
1418 1521 1585 1571 usque
1613 1508 1739 1560 mel-

142 1592 244 1660 „lis
274 1592 454 1646 elixati
482 1591 903 1659 crassitudinem,
945 1592 1046 1646 hoc
1075 1598 1170 1660 est,
1211 1593 1472 1661 tantisper
1508 1593 1634 1646 dum
1667 1595 1741 1648 vi-

145 1698 308 1750 „num
336 1686 552 1735 coctura
580 1686 933 1749 consumatur,
976 1682 1087 1748 igni
1114 1682 1257 1735 lento
1301 1687 1352 1734 et
1389 1682 1547 1749 lignis
1575 1684 1738 1738 aridis

144 1769 560 1838 „decoquantur,
603 1771 678 1823 sic
710 1775 764 1822 ut
793 1770 1019 1823 calfacta
1047 1770 1233 1823 sedulo
1261 1770 1315 1822 in
1344 1771 1735 1825 terelixandum

143 1858 352 1927 „ferula
381 1863 828 1913 commoveantur.
860 1859 903 1911 si
933 1859 1191 1913 effervere
1226 1860 1466 1927 coeperit
1501 1862 1735 1929 elixatiO,

145 1947 290 2014 „vini
315 1964 434 2001 rore
463 1948 831 2016 compescitur,
872 1954 1086 2016 praeter
1114 1949 1255 2016 quod
1286 1951 1583 2004 substracto
1624 1951 1739 2018 igni

146 2035 237 2102 „in
263 2051 321 2088 se
355 2036 508 2088 redit.
539 2053 695 2105 quum
719 2037 1036 2105 perfrixerit,
1065 2054 1244 2091 rursus
1272 2038 1597 2093 accenditur.
1630 2039 1735 2094 hoc

144 2124 419 2190 „secundo
461 2143 524 2178 ac
551 2126 703 2178 tertio
743 2126 834 2179 fiet
872 2132 1032 2193 atque
1070 2131 1180 2179 tum
1220 2127 1432 2181 demum
1472 2134 1735 2182 remotum

146 2229 218 2279 „a
239 2211 376 2266 foco,
401 2213 657 2281 postridie
680 2201 1022 2282 despumatur
1045 2233 1163 2269 cum
1190 2217 1389 2287 piperis
1414 2218 1581 2271 unciis
1614 2236 1740 2285 qua-

147 2304 316 2367 „tuor,
357 2301 461 2353 iam
501 2302 655 2356 tritae
694 2304 981 2357 mastiches
1022 2306 1281 2375 scrupulis
1320 2305 1502 2373 tribus,
1543 2306 1657 2360 folii
1693 2313 1745 2361 et

148 2390 329 2456 „croci
357 2391 622 2445 drachmis
650 2393 889 2460 singuliS,
919 2393 1252 2462 dactylorum
1285 2395 1492 2448 ossibus
1525 2396 1738 2449 torridis

148 2478 435 2546 „quinquc,
474 2479 663 2533 iisdem
693 2480 920 2549 dactylis
947 2482 1069 2534 vino
1099 2483 1462 2550 praemollitis,
1516 2483 1739 2538 interce-

148 2565 346 2633 „dente
373 2566 624 2622 videlicet
649 2569 794 2637 prius
823 2570 1112 2624 suffusione
1152 2571 1275 2638 vini,
1319 2570 1387 2625 de
1427 2588 1523 2625 suo
1565 2573 1743 2640 utique

149 2654 344 2721 „modo
374 2672 438 2709 ac
464 2673 701 2725 numero,
744 2663 800 2710 ut
826 2659 1010 2711 tritura
1049 2660 1182 2713 lenis
1209 2660 1485 2715 habeatur,
1526 2661 1607 2723 his
1637 2678 1744 2715 om-

150 2743 340 2810 „nibus
379 2745 477 2800 rite
516 2748 718 2814 paratis
758 2748 1093 2816 supermittes
1151 2749 1260 2801 vini
1317 2749 1452 2802 lenis
1512 2751 1748 2804 sextaria

153 2832 500 2900 „octodecim
533 2836 792 2889 carbones
811 2830 1052 2904 perfecto
1077 2837 1280 2891 addere
1303 2838 1408 2892 duo
1430 2838 1595 2892 millia
1624 2856 1746 2892 con-

153 2921 382 2986 ,‚gruit“.
424 2922 501 2975 sic
539 2923 593 2975 in
635 2924 878 2978 omnibus
930 2930 986 2977 ut
1037 2926 1183 2979 lubet
1237 2927 1324 2980 vel
1373 2927 1564 2981 omittit
1610 2945 1748 2995 quae

201 3005 238 3038 O.
264 3007 416 3047 Apicius
441 3010 498 3052 ed,
524 3009 681 3044 Schueh.
1485 3032 1511 3074 2
