2098 3470
405 326 476 381 70
918 327 1019 374 Lib.
1047 327 1123 374 IV.
1186 328 1457 376 Pandectes.

519 461 638 515 121.
691 462 941 516 Patina
993 462 1421 516 cottidiana:
1477 464 1744 518 cerebella
1791 464 1989 518 elixata

401 539 542 590 teres
592 552 711 590 cum
761 535 965 607 pipere.
1021 536 1283 602 ciminum,
1334 537 1478 590 lasar
1530 554 1648 591 cum
1685 538 1987 605 liquamine,

403 626 708 676 curoenum,
757 610 897 664 lacte
951 615 1003 664 et
1055 610 1184 663 ovis.
1226 609 1298 663 ad
1342 610 1523 679 ignem
1578 612 1754 665 lenem
1793 613 1880 666 vel
1918 611 1988 666 ad

401 699 595 752 aquam
636 682 865 738 calidam
905 700 1118 750 coqueS.

516 758 637 812 122.
678 757 846 811 Aliter
885 758 1131 828 patina
1167 757 1569 814 versatilis:
1619 758 1853 824 111101008,
1895 775 1987 811 nu·-

401 847 492 885 ces
530 830 746 899 fractaS,
797 835 942 885 tores
996 847 1088 885 eas
1129 836 1181 885 et
1218 837 1359 885 teres
1402 849 1519 885 cum
1558 833 1733 899 melle,
1783 832 1986 904 pipere,

397 904 704 972 liquamine,
746 905 885 959 lacte
926 909 980 959 et
1018 904 1147 959 ovis.
1191 905 1294 959 olei
1331 905 1613 962 modicum.

514 980 635 1033 123.
675 978 844 1033 Aliter
882 979 1094 1050 patina:
1147 979 1330 1033 tirsum
1367 980 1610 1034 lactucae
1657 984 1815 1046 tereS,
1870 997 1986 1034 cum

492 1082 555 1126 ad
588 1082 688 1127 121.
741 1082 1013 1126 ciminum
1062 1085 1147 1126 cet.

399 1154 464 1188 sc.
490 1142 760 1187 commisces
780 1141 878 1187 419.
912 1141 1073 1187 lacte
1093 1144 1152 1186 et

399 1201 533 1246 ovis
581 1214 753 1258 coques
807 1205 855 1247 et
901 1201 1149 1258 obligabis.

400 1261 502 1312 122,
536 1260 637 1305 123.
697 1260 829 1306 ovis
861 1260 908 1305 in
939 1273 1030 1304 una
1059 1264 1092 1312 β
1122 1272 1151 1303 a

399 1319 548 1376 prima
578 1331 730 1372 manu,
764 1319 896 1365 obis
924 1332 952 1363 a
975 1333 1064 1365 sec.
1083 1319 1150 1363 in-

400 1379 458 1423 de
500 1383 662 1423 natum
703 1383 962 1424 ceterorum
1001 1378 1149 1430 olus,

399 1450 499 1494 par.
531 1437 719 1482 holus.
756 1437 813 1483 cf.
849 1439 948 1483 122.
982 1438 1040 1483 de
1058 1451 1150 1482 me-

399 1497 607 1542 dicorum
649 1501 697 1542 et
744 1511 996 1554 coquorum
1042 1497 1150 1553 igne

397 1555 491 1601 leni
533 1556 629 1600 dixi
668 1556 731 1600 ad
774 1556 951 1613 Gargil.
997 1569 1041 1612 p.
1075 1556 1148 1600 41.

399 1615 629 1672 coquendi
653 1615 880 1661 rationem
903 1616 964 1661 ad
981 1628 1149 1672 aquam

401 1675 598 1719 calidam
633 1675 814 1730 explico
856 1675 943 1720 tibi
975 1688 1032 1719 ex
1064 1674 1149 1719 Ca-

396 1738 495 1779 ton.
536 1734 607 1779 81.
651 1734 827 1787 „indito
865 1735 911 1778 in
941 1733 1148 1779 hirneam

397 1789 601 1846 fictilem,
632 1806 734 1839 eam
753 1793 989 1839 demittito
1006 1794 1051 1838 in
1070 1806 1149 1837 au-

397 1852 490 1897 lam
521 1852 745 1898 aheneam
784 1866 935 1910 aquae
968 1853 1148 1898 calidae

396 1911 600 1968 plenam,
643 1913 712 1957 ita
754 1913 944 1969 coquito
986 1912 1050 1956 ad
1080 1912 1148 1968 ig-

395 1974 542 2016 nem“.
583 1971 680 2016 olla
710 1972 852 2029 igitur
882 1967 1040 2016 fictilis
1072 1971 1149 2016 vel

395 2042 533 2076 aerea
563 2031 713 2076 minor
743 2035 840 2075 stat
872 2031 948 2076 vel
975 2031 1149 2086 pendet

394 2090 442 2134 in
485 2090 614 2146 pelvi
653 2102 776 2146 aqua
823 2089 1032 2135 fervente
1079 2103 1147 2134 re-

394 2149 538 2205 pleta,
581 2153 634 2193 ut
673 2161 796 2206 aqua
827 2150 975 2206 magis
1009 2162 1156 2205 quam.

394 2208 502 2264 igne
534 2212 775 2264 coquatur.
809 2221 865 2253 ea
895 2208 1147 2253 incunabu-

395 2267 443 2311 la
486 2267 643 2312 balnei
689 2268 862 2312 Mariae
907 2282 999 2312 non
1040 2280 1145 2312 raro

396 2326 668 2378 invenimus,
701 2326 827 2382 apud
857 2327 1068 2371 Dioscor.
1101 2327 1145 2378 3,

393 2386 463 2429 87.
499 2385 660 2430 Galen.
680 2385 733 2428 T.
756 2385 834 2429 VI.
859 2399 903 2439 p.
922 2386 1023 2429 288.
1043 2386 1145 2436 291,

393 2442 519 2500 ἕψεῖν
551 2443 618 2485 ἔπ’
651 2443 821 2500 ἀγγείου
853 2443 1008 2485 διπλοῦ
1045 2444 1145 2488 Sive

394 2501 442 2544 ἓν
472 2501 710 2556 ὃιπλώμαῒι
742 2503 794 2547 Τ.
820 2503 944 2547 XIII.
978 2517 1022 2559 p.
1042 2502 1144 2547 535.

393 2562 498 2607 0011.
520 2562 772 2617 Geoponic.
792 2562 836 2614 8,
849 2564 906 2606 27
911 2564 975 2614 ,3.
995 2561 1145 2617 TheQ-

393 2621 493 2666 dor.
525 2622 667 2665 Prisc.
700 2621 744 2673 4,
778 2622 818 2665 1.
849 2621 1048 2665 Martial.
1074 2621 1144 2672 13,

391 2681 465 2724 33.
500 2680 558 2724 de
591 2680 739 2724 caseis
772 2680 895 2733 „sive
917 2681 1011 2725 levi
1033 2682 1145 2735 (ma-

393 2738 473 2782 lim
508 2739 678 2792 „leni“)
713 2738 912 2792 flamma,
945 2739 1042 2784 sive
1062 2738 1143 2782 do-

391 2810 575 2842 mamur
620 2801 785 2854 aqua“.
849 2797 904 2841 cf.
954 2798 1025 2842 66.
1084 2797 1143 2841 de

392 2856 647 2911 sportellae
664 2857 802 2901 simili
817 2868 904 2901 usu
919 2856 1020 2900 364.
1038 2855 1138 2900 374.

392 2914 491 2958 248.
552 2915 669 2959 Plin.
711 2915 815 2959 Val.
857 2916 900 2967 3,
944 2915 1013 2959 14.
1057 2913 1136 2959 fol.

394 2972 494 3019 194.
526 2973 570 3019 b.
604 2973 676 3020 ed.
709 2972 822 3020 Ald-

1328 1081 1390 1126 ad
1424 1083 1520 1125 122.
1564 1082 1728 1127 iisdem
1761 1081 1857 1127 fere
1888 1096 1989 1127 ver-

1242 1140 1313 1186 bis
1344 1142 1545 1197 repetita
1575 1142 1736 1198 patina
1779 1142 1878 1186 136.
1927 1140 1984 1186 cf.

1241 1204 1289 1245 et
1319 1200 1572 1257 impensam
1608 1201 1885 1246 terentinam
1916 1201 1986 1246 53.

1240 1260 1562 1304 versatilis
1595 1260 1764 1304 dicitur
1778 1259 1987 1311 Barthio‚

1241 1319 1367 1375 quod
1398 1319 1538 1363 variis
1570 1319 1784 1364 missibus
1815 1320 1989 1375 apponi

1239 1378 1403 1433 possit,
1436 1379 1616 1423 Listero
1651 1379 1776 1435 quod
1803 1379 1987 1434 saepius

1240 1442 1481 1483 versentur
1498 1438 1772 1490 codimenta‚
1806 1438 1913 1482 dum
1931 1451 1988 1483 ex

1239 1496 1362 1541 lacte
1380 1502 1428 1542 et
1446 1498 1546 1541 ovis
1565 1497 1842 1553 obligentur.
1876 1497 1986 1542 olim

1238 1555 1349 1600 mihi
1381 1560 1481 1600 erat
1504 1568 1622 1612 quae
1645 1561 1870 1608 versatur,
1904 1557 1986 1601 cir-

1242 1615 1435 1667 culatur,
1467 1616 1513 1658 in
1545 1616 1819 1660 antecoenio
1844 1616 1987 1660 omni-

1238 1674 1325 1719 bus
1358 1673 1690 1726 circumfertur,
1734 1673 1987 1731 περιάγεται,

1238 1734 1360 1778 unde
1393 1733 1703 1790 περιαγόμενον
1740 1746 1812 1790 ap.
1846 1733 1984 1790 Diog.

1238 1794 1390 1838 Laert.
1425 1794 1467 1844 2,
1502 1794 1598 1837 139.
1632 1792 1808 1838 Athen.
1830 1794 1899 1845 103
1930 1793 1985 1837 15

1238 1866 1283 1908 p.
1315 1852 1405 1896 420
1429 1851 1488 1895 A.
1522 1852 1880 1908 παραφερόμενον
1911 1865 1984 1908 ap.

1238 1910 1357 1956 Plat.
1404 1925 1500 1967 rep.
1536 1912 1576 1962 1,
1621 1911 1678 1955 24
1720 1925 1763 1966 p.
1798 1911 1898 1956 354.
1931 1911 1984 1956 B.

1239 1982 1384 2015 coena
1426 1970 1666 2015 ambulans
1705 1971 1903 2015 Martial.
1945 1971 1985 2022 7,

1237 2031 1308 2082 48,
1350 2030 1389 2073 5.
1433 2034 1486 2073 ut
1539 2030 1732 2086 quisque
1785 2034 1987 2074 sumeret

1239 2093 1459 2145 quantum
1493 2089 1672 2140 liberet,
1706 2088 1761 2133 cf.
1787 2088 1986 2133 Beckeri

1239 2148 1402 2194 Gallus
1433 2148 1511 2192 III.
1545 2162 1590 2204 p.
1627 2148 1844 2192 180.181.
1878 2148 1984 2192 We·

1235 2207 1319 2252 ber
1360 2207 1421 2251 ad
1461 2208 1622 2251 Horat.
1665 2211 1751 2251 sat.
1793 2220 1838 2263 p.
1882 2207 1982 2251 369.

1237 2267 1312 2311 vel
1344 2278 1463 2322 quae
1495 2271 1714 2317 mutatur,
1747 2273 1839 2310 n'on
1872 2279 1983 2322 quo-

1236 2326 1415 2369 tidiana
1457 2330 1542 2376 est,
1582 2325 1738 2380 speise
1780 2339 1860 2369 zur
1903 2326 1983 2369 ab·

1235 2384 1647 2440 wechslung.nunc
1663 2383 1773 2427 mihi
1791 2388 1863 2428 est
1879 2398 1981 2428 ver-

1235 2443 1409 2494 sabilis,
1442 2448 1643 2494 versuta,
1671 2442 1814 2498 kluge
1831 2444 1982 2498 speise

1236 2515 1488 2558 coquorum
1504 2502 1871 2553 vernaculorum,
1897 2502 1982 2545 810-

1237 2574 1325 2617 que
1368 2561 1570 2616 explices
1611 2565 1797 2617 gustum
1829 2572 1982 2604 versa-

1234 2621 1317 2665 tile
1367 2620 1464 2663 181.
1521 2620 1671 2675 pisam
1717 2619 1981 2663 versatilem

1235 2679 1334 2723 200.
1370 2704 1424 2711 -—-
1465 2683 1633 2723 tores
1666 2678 1875 2722 codicum
1909 2682 1982 2722 est

1234 2742 1448 2782 torres

1321 2855 1383 2898 ad
1415 2854 1512 2897 123.
1565 2853 1771 2897 tirsum
1805 2853 1879 2898 ed.
1910 2867 1977 2909 pr.

1232 2918 1459 2970 tyrsum
1487 2915 1536 2956 et
1556 2912 1823 2969 thyrsum
1843 2912 1977 2957 codd.

1230 2972 1287 3020 cf.
1320 2972 1510 3018 Sueten.
1543 2970 1667 3030 Aug.
1703 2972 1771 3016 77.
1805 2971 1872 3019 sic
1893 2970 1982 3018 ho-
