2098 3470
328 310 430 364 170
873 309 974 356 Lib.
1002 309 1122 356 VIII.
1158 309 1402 367 Tetrapus.

321 441 494 496 mittes
548 442 826 497 defrictum
883 444 1165 512 modicum,
1226 450 1365 498 teres
1381 485 1395 511 ,
1454 444 1795 499 reexinanies
1854 445 1909 497 in

322 533 557 585 capsum.
602 534 717 571 cum
757 524 1038 586 percoctus
1071 518 1245 586 fuerit,
1290 535 1569 586 exoneraS,
1615 520 1789 572 amolo
1821 521 1909 572 ob-

321 591 461 658 ligas
503 596 555 645 et
592 591 807 645 inferes

433 667 555 718 370.
608 666 863 732 Agnum
917 666 1273 734 simplice:
1333 665 1400 719 de
1454 682 1595 733 agno
1638 664 1910 718 decori-ato

320 738 489 792 facies
531 739 774 807 copadia,
815 740 1040 805 lavabiS,
1092 740 1375 807 diligenter
1418 739 1591 793 mittes
1630 739 1686 790 in
1728 757 1911 792 cacca-

322 814 461 879 bum,
504 814 705 867 adicies
746 814 936 879 oleum,
979 813 1263 880 liquamen,
1306 814 1501 878 vinum,
1543 829 1773 881 porrum,
1827 830 1912 866 co-

319 886 593 940 riandrum
654 888 817 940 cultro
884 888 1167 940 concisum.
1231 904 1348 941 cum
1409 887 1596 941 bullire
1657 887 1911 955 coeperit,

323 978 458 1033 cepa
498 961 578 1014 ius
619 961 849 1028 agitabis
891 966 943 1013 et
987 961 1203 1015 inferes,

432 1036 555 1088 371.
585 1034 844 1088 Aedum
875 1035 1287 1088 lasaratum:
1330 1034 1452 1088 aedi
1479 1034 1739 1088 intestinis
1775 1035 1913 1087 bene

319 1110 562 1178 purgatis
612 1109 802 1178 inples,
855 1109 1025 1180 piper,
1080 1108 1361 1175 liquamen,
1414 1110 1572 1175 lasar,
1634 1109 1808 1162 oleum
1865 1113 1916 1161 et

320 1183 456 1237 intra
508 1183 702 1237 aedum
753 1183 928 1236 mittes
970 1188 1021 1236 et
1062 1184 1197 1236 bene
1240 1199 1465 1236 consues
1522 1188 1573 1236 et
1614 1199 1734 1236 cum
1775 1182 1914 1236 aedo

320 1258 475 1310 simul
515 1262 822 1324 coquuntur.
868 1262 919 1310 et
960 1273 1078 1310 cum
1119 1256 1411 1322 decoxerit,
1455 1256 1659 1310 adicies
1698 1256 1751 1309 in
1777 1273 1913 1308 mor·

320 1332 510 1384 tarium
550 1337 737 1397 rutam,
779 1333 970 1384 bacam
1009 1331 1142 1383 lauri
1185 1336 1236 1384 et
1261 1332 1436 1383 levato
1466 1331 1641 1397 adque
1672 1331 1913 1383 exiccato

321 1405 459 1458 aedo
498 1406 616 1473 ipso
658 1406 771 1458 iure
812 1404 1088 1473 perfundis
1131 1410 1182 1458 et
1222 1405 1296 1458 sic
1338 1405 1509 1473 ponis.

324 1541 564 1582 omento
607 1541 775 1582 carta
816 1551 898 1593 per
942 1549 1076 1595 asyn-

324 1597 483 1648 deton,
518 1597 644 1652 quod
676 1597 715 1641 si
748 1597 978 1652 displicet,
1021 1609 1078 1640 ex

322 1656 423 1700 403.
468 1656 589 1699 adde
626 1659 725 1709 „et“
772 1660 854 1699 aut
886 1669 942 1700 ex
974 1655 1074 1699 402.

328 1715 473 1769 „vel“,
517 1718 599 1758 aut
635 1718 816 1768 „carta“
864 1728 1076 1770 expungo

324 1788 425 1818 cum
444 1791 479 1829 γ.
508 1800 561 1804 ——
588 1782 760 1819 carta
782 1774 1076 1831 aegyptiaca,

324 1834 382 1878 de
407 1833 623 1878 tenuibus
647 1834 847 1889 latisque
868 1847 1076 1889 segmen—

323 1894 383 1937 tis
409 1892 625 1937 foliorum
645 1893 815 1949 papyri
840 1897 1074 1943 contexta,

323 1952 652 2007 emporeticam
686 1952 799 1995 dicit
841 1952 957 1995 Plin.
1006 1952 1074 2003 13,

325 2012 392 2055 76.
419 2012 581 2056 eadem
602 2012 748 2055 utitur
772 2024 946 2067 coquus
971 2011 1074 2054 402.

322 2071 422 2115 431.
469 2071 634 2115 Horat.
688 2084 758 2125 ep.
803 2071 846 2121 2,
892 2071 931 2121 1,
973 2070 1071 2113 270.

322 2130 518 2174 Martial.
553 2131 595 2181 3,
629 2130 670 2180 2,
703 2129 742 2172 4.
779 2130 856 2185 qui
880 2129 1074 2173 eandem

323 2203 419 2234 rem
464 2190 532 2240 13,
580 2190 618 2232 1.
663 2193 824 2245 togam
868 2189 985 2232 dixit
1028 2193 1076 2231 et

322 2248 365 2299 4,
406 2248 478 2299 87,
521 2248 561 2291 8.
606 2249 809 2291 tunicam
844 2261 868 2291 e
902 2247 1071 2291 Catull.

323 2307 395 2358 95,
437 2308 477 2349 8.
519 2307 591 2351 cui
633 2321 730 2350 non
785 2307 832 2350 in
875 2311 1075 2350 mentem

321 2366 515 2410 veniunt
566 2367 842 2420 „cotelettes
889 2379 945 2409 en
995 2378 1075 2420 pa-

322 2425 575 2481 pillotes“‘?
665 2451 719 2455 -
797 2425 1075 2480 coperies

324 2484 488 2539 scripsi
529 2497 614 2539 pro
660 2497 826 2539 coop.
860 2488 908 2528 et
954 2497 1076 2527 men-

324 2544 394 2587 dis
428 2543 639 2587 codicum
673 2544 742 2586 63.
790 2568 841 2572 -—
883 2547 1076 2587 coctu-

323 2615 438 2646 ram
471 2616 527 2646 ex
570 2617 602 2641 π
635 2606 682 2646 et
724 2601 779 2645 H.
823 2615 907 2656 pro
949 2601 1075 2645 codi-

325 2675 426 2705 cum
471 2674 621 2705 cora.
667 2660 722 2705 cf.
771 2662 866 2705 153.
920 2686 972 2690 -·
1018 2675 1073 2704 m.

326 2719 590 2765 defricto
623 2725 665 2771 β.
699 2734 755 2762 m.
791 2721 846 2763 in
891 2719 1073 2763 fricto

324 2781 370 2824 in
402 2793 483 2823 sex
515 2783 563 2824 et
594 2779 665 2823 ed.
698 2792 766 2834 pr.
799 2793 857 2822 m.
901 2779 958 2821 in
991 2778 1074 2823 de-

324 2837 477 2882 fruti
507 2852 566 2883 m.
600 2838 732 2882 Hum.
770 2836 825 2881 cf.
865 2838 934 2880 67.
971 2837 1071 2880 154.

325 2898 424 2941 251.
459 2898 557 2941 380.
593 2897 826 2953 singulare
859 2896 1074 2952 aenigma

325 2957 372 3002 in
415 2969 529 3001 voce
577 2956 898 3001 caccabum
943 2956 1073 3000 cuius

1169 1537 1490 1592 compendium
1523 1541 1595 1580 est
1627 1535 1790 1580 cabum
1818 1536 1915 1580 160.

1167 1596 1315 1639 latere
1359 1596 1537 1652 opinor,
1580 1595 1732 1640 scribo
1774 1596 1915 1639 auda-

1169 1655 1265 1698 cior
1311 1655 1366 1698 in
1422 1668 1662 1710 capsum
1718 1655 1775 1698 de
1824 1668 1915 1710 quo

1167 1715 1253 1757 253
1287 1713 1555 1758 familiarius
1579 1719 1679 1758 erat
1696 1728 1753 1758 re
1769 1714 1916 1758 exin.

1167 1774 1217 1816 in
1252 1773 1565 1817 caccabum
1599 1787 1655 1817 ex
1695 1774 1916 1817 135.2l3.

1169 1833 1268 1876 190.
1315 1833 1386 1875 45.
1432 1832 1491 1875 al.
1538 1859 1591 1864 —-
1626 1845 1916 1877 exoneras

1167 1896 1343 1935 cartam
1373 1892 1512 1936 tolles
1551 1893 1649 1936 373.
1682 1905 1795 1936 corr.
1830 1905 1915 1947 pro

1168 1964 1270 1995 exo
1287 1963 1439 1995 rnas.
1477 1976 1534 1982 —-

1255 2011 1316 2054 ad
1348 2011 1447 2054 370.
1484 2023 1539 2054 ea
1573 2015 1619 2055 et
1640 2023 1837 2066 sequens
1861 2023 1917 2054 ex

1166 2070 1384 2125 Excerpt.
1435 2070 1537 2113 cod.
1598 2070 1781 2113 salmas.
1839 2070 1916 2126 qui

1166 2142 1324 2184 agnu
1357 2129 1649 2184 simplice.
1688 2142 1776 2185 ego
1813 2142 1919 2184 sup-

1165 2188 1273 2243 pleo
1311 2188 1459 2241 „iure“
1496 2189 1597 2232 271.
1643 2213 1696 2219 -
1737 2201 1795 2230 an
1821 2188 1918 2231 de-

1168 2251 1418 2291 carnat.)
1464 2261 1520 2291 ex
1564 2247 1683 2291 295?
1725 2273 1777 2278 —
1822 2260 1916 2290 cu-

1166 2306 1416 2362 padiola
1451 2306 1562 2349 lav.
1599 2306 1701 2349 cod.
1738 2331 1792 2337 —-—
1827 2319 1916 2350 ce-

1166 2378 1238 2421 pa
1272 2366 1356 2409 ius
1390 2366 1568 2409 emend.
1609 2378 1693 2421 pro
1727 2365 1916 2420 saepi-

1166 2438 1230 2468 us
1274 2438 1330 2469 ex
1373 2424 1472 2468 334.
1523 2424 1619 2467 143.
1664 2424 1787 2468 idem
1830 2423 1920 2468 feci

1168 2484 1269 2527 392.
1306 2509 1357 2512 —

1256 2543 1433 2586 ad371.
1468 2542 1918 2586 aedulasaratu

1168 2602 1269 2645 cod.
1303 2603 1350 2645 in
1383 2602 1535 2647 lemm.
1581 2605 1628 2644 et
1669 2601 1917 2644 intesti-

1164 2674 1268 2704 nas
1300 2661 1344 2704 b.
1377 2664 1681 2716 purgatas.
1727 2658 1781 2702 cf.
1815 2659 1916 2703 364.

1166 2720 1224 2763 de
1257 2733 1359 2763 meo
1393 2719 1602 2763 ablativo
1647 2718 1708 2761 ad
1743 2717 1915 2773 Gargil.

1164 2792 1209 2833 p.
1253 2778 1327 2821 42.
1376 2778 1577 2833 inples
1631 2781 1683 2821 ut
1726 2777 1919 2821 docetur

1164 2838 1263 2881 369.
1301 2862 1355 2868 —
1389 2840 1674 2881 cocuntur
1704 2861 1751 2865 —-
1781 2850 1918 2880 mor-

1165 2896 1328 2939 tario
1387 2921 1437 2924 —
1486 2900 1620 2939 ruta
1667 2896 1814 2939 baca
1863 2921 1916 2924 —

1165 2955 1376 3000 lebato
1411 2968 1449 2999 a.
1485 2955 1674 3011 adque
1708 2967 1916 3010 exuga-
1978 2988 1984 2993 .
