2098 3470
358 331 461 387 154
880 334 981 381 Lib.
1014 335 1114 382 vn.
1163 338 1402 385 Ponteles.
1426 322 1429 326 ’

466 470 587 524 313.
629 470 770 522 Fun
787 470 853 538 gi
882 470 1142 526 farnei:
1172 473 1314 540 elixi,
1347 475 1504 528 calidi
1533 476 1759 530 exiccati
1782 495 1941 532 oeno-

350 559 504 611 garo,
539 544 730 613 pipere
758 544 1106 614 accipiuntur,
1124 566 1127 568 ·
1148 548 1221 600 ita
1249 553 1304 600 ut
1329 549 1484 618 piper
1513 567 1628 604 cum
1656 551 1942 619 liquamine

347 622 506 671 teras

461 694 583 747 314.
628 695 690 747 In
738 693 916 763 fungis
951 691 1180 748 farneis:
1236 696 1406 768 piper,
1464 714 1765 768 caroenum,
1820 719 1941 756 ace·

350 770 460 819 tum
503 773 555 821 et
594 769 784 823 oleum.
928 832 930 834 .

461 842 584 896 315.
665 846 834 898 Aliter
884 843 1032 911 fungi
1084 844 1255 898 farnei
1309 845 1433 898 elixi
1488 863 1554 899 ex
1606 848 1736 915 sale,
1799 848 1935 917 elec,

347 931 510 982 mer0,
554 918 834 972 coriandro
877 919 1092 972 conciso
1132 919 1439 972 inferuntur.

459 992 583 1046 316.
608 994 720 1046 Bol
735 1011 763 1048 e
778 999 799 1046 t
814 1009 843 1045 o
860 1010 912 1045 s:
944 992 1177 1049 fundis
1202 1010 1505 1060 caroenum,
1522 994 1833 1048 fasciculum
1851 1013 1940 1049 co-

347 1064 546 1118 riandri
565 1067 764 1123 viridis,
782 1067 871 1121 ubi
887 1067 1154 1135 fervuerit,
1180 1074 1427 1137 exempto
1444 1069 1700 1122 fasciculo
1722 1070 1937 1124 inferes

461 1141 584 1195 317.
646 1144 863 1197 Boletos
904 1142 1084 1195 aliter:
1131 1142 1383 1196 coliculos
1433 1160 1612 1198 eorum
1652 1144 1941 1210 liquamine

346 1214 433 1266 vel
472 1216 585 1269 sale
625 1232 878 1285 asparsos
918 1215 1163 1271 inferunt.

460 1290 583 1342 318.
646 1292 861 1345 Boletos
903 1290 1084 1343 aliter:
1126 1291 1283 1344 tirsos
1319 1308 1501 1344 eorum
1529 1290 1727 1345 incisos
1766 1292 1819 1344 in
1846 1310 1940 1361 pa-

348 1363 545 1416 tellam.
588 1381 745 1418 uvam
774 1363 1052 1435 perfundis
1100 1365 1287 1418 addito
1316 1366 1520 1434 pipere,
1553 1365 1800 1433 ligistic0‚
1830 1384 1939 1420 lno-

351 1436 470 1490 dico
510 1440 685 1507 melle,
728 1439 1014 1508 liquamine
1054 1441 1395 1508 temperabis.
1441 1441 1613 1493 oleum
1653 1441 1936 1495 modicum.

435 1555 497 1599 ad
528 1558 628 1601 313.
677 1572 762 1614 pro
797 1558 988 1603 fai-nei
1022 1572 1097 1602 co—

345 1613 498 1659 dicum
556 1618 689 1661 Hum.
751 1619 820 1662 ed.
872 1618 1099 1675 faginei

347 1675 473 1729 quod
523 1678 600 1732 qui
647 1691 703 1721 ex
760 1678 927 1722 arbore
985 1677 1097 1733 fago

345 1740 597 1780 nascantur
653 1738 801 1781 minus
851 1738 1098 1793 perniciosi

344 1793 450 1837 sint.
501 1794 648 1840 farnei
695 1801 803 1840 sunt
850 1797 928 1853 qui
977 1798 1098 1841 circa

339 1854 525 1898 radices
544 1854 662 1899 sarni
678 1856 945 1911 gignuntur,
979 1870 1098 1912 quae

341 1913 494 1964 arbor,
543 1915 670 1959 cuius
703 1915 877 1959 mentio
911 1928 983 1970 ap.
1019 1916 1098 1960 Vi-

344 1975 464 2016 truv.
502 1974 541 2024 7,
579 1976 617 2023 1,
651 1976 694 2018 2.
729 1975 914 2022 Pallad.
939 1976 1036 2025 1‚9,
1055 1977 1094 2018 3.

340 2030 445 2075 aliis
491 2037 562 2077 est
594 2032 812 2085 fraxinus,
860 2039 1096 2079 contracte

343 2089 517 2143 framis,
536 2091 708 2145 sarnus,
732 2094 854 2138 unde
871 2094 1095 2137 Italorum

344 2148 493 2193 farnia
512 2150 691 2208 fargna,
711 2153 949 2197 Gallorum
965 2151 1095 2196 frais-

341 2223 398 2253 ne
431 2209 583 2255 fresne
627 2211 769 2263 frene,
815 2213 917 2255 aliis
962 2225 1094 2267 quer-

341 2282 421 2313 cus
453 2271 646 2324 specieS‚
679 2285 764 2326 pro
799 2284 889 2327 qua
911 2277 1092 2315 sentcn-

336 2328 404 2371 tia
447 2328 627 2373 laudari
668 2335 828 2385 potest
867 2331 983 2374 Plin.
1021 2332 1090 2381 16,

336 2388 408 2429 31.
448 2389 526 2443 qui
558 2402 752 2444 quercus
785 2389 953 2445 fungos
986 2403 1090 2444 pro-

338 2446 606 2492 batissimos
656 2449 781 2492 dicit.
834 2474 886 2478 —-
933 2449 1089 2492 exic-

334 2506 452 2549 cati
503 2511 533 2556 β
588 2507 658 2551 ed.
708 2522 774 2563 pr.
826 2508 1090 2552 exiccari

336 2562 438 2619 γδπ.
458 2570 515 2609 et
548 2566 770 2610 siccari
803 2567 893 2614 ζθκ.
914 2567 1090 2611 conieci

334 2627 392 2667 et
439 2624 649 2668 siciati
696 2626 808 2669 sicio
856 2626 882 2670 i.
920 2639 956 2670 e.
1007 2626 1088 2669 im-

332 2695 477 2737 pensa
510 2685 700 2728 conditi.
725 2710 777 2715 -
801 2685 1015 2740 ing-aro
1041 2689 1089 2729 et

331 2742 581 2797 inagaro
632 2744 769 2787 codd.
821 2769 874 2774 —
923 2748 1087 2788 teres

333 2801 471 2845 codd.
507 2802 590 2846 sed
623 2803 693 2846 96.
726 2803 806 2846 ubi
848 2803 970 2847 idem
1012 2816 1086 2847 co-

331 2859 412 2903 lon
439 2865 649 2907 tereas
683 2866 731 2906 et
762 2866 938 2905 teras.

423 2919 483 2962 ad
502 2920 601 2962 316.
636 2919 734 2964 fun
751 2921 839 2964 dis
863 2934 976 2965 corr.
998 2933 1083 2976 pro

329 2976 553 3037 fungos
586 2985 637 3023 ut
668 2981 770 3023 309.

1279 1559 1338 1601 ad
1356 1559 1456 1602 317.
1492 1558 1782 1602 caliculos
1802 1559 1937 1603 codd.

1190 1617 1289 1661 col.
1325 1618 1395 1662 ed.
1430 1631 1496 1673 pr.
1530 1618 1584 1662 Η.
1619 1618 1830 1662 similiter
1861 1631 1939 1662 va-

1188 1678 1309 1720 riant
1340 1677 1459 1720 Plin.
1497 1678 1563 1729 16,
1597 1677 1696 1720 244.
1735 1691 1827 1721 vox
1861 1678 1938 1721 de-

1188 1737 1382 1780 rivanda
1413 1750 1505 1780 non
1537 1750 1565 1779 a
1599 1737 1770 1794 calyce,
1804 1737 1887 1782 sed
1910 1749 1938 1780 a

1189 1796 1336 1847 caule,
1371 1796 1487 1847 cole,
1520 1796 1640 1840 unde
1674 1796 1938 1849 καυλομύκη-

1188 1871 1255 1902 τες
1286 1868 1359 1911 ap.
1395 1856 1581 1899 Lucian.
1626 1869 1718 1899 ver.
1753 1855 1859 1899 hist.
1902 1857 1936 1907 l,

1191 1916 1259 1959 16.
1296 1941 1345 1945 >—-<
1382 1928 1466 1970 pro
1499 1916 1597 1958 sale
1629 1920 1676 1959 et
1707 1915 1807 1958 324.
1833 1914 1935 1959 441.

1187 1974 1418 2030 liquamen
1443 1974 1703 2026 adhibetur,
1733 1975 1936 2019 Galenus

1188 2034 1245 2077 de
1279 2033 1365 2077 fae.
1401 2034 1522 2077 alim.
1558 2035 1598 2084 2,
1631 2033 1701 2076 44.
1735 2034 1779 2077 in
1808 2034 1935 2077 bras-

1186 2093 1282 2136 sica
1315 2107 1414 2136 cum
1448 2106 1562 2148 garo
1592 2093 1800 2148 paranda
1822 2092 1936 2137 dicit

1185 2151 1295 2194 nihil
1330 2151 1513 2203 referre,
1546 2153 1585 2196 si
1618 2153 1687 2195 sal
1707 2152 1812 2196 loco
1834 2152 1936 2208 gari

1185 2217 1404 2254 sumatur.
1425 2235 1477 2241 Ἀ
1511 2209 1852 2255 inferuntur
1868 2209 1931 2266 γὸ.

1274 2271 1334 2313 ad
1367 2270 1467 2313 318.
1517 2275 1722 2326 tyrsos
1773 2271 1839 2317 ξπ.
1887 2271 1933 2314 in

1183 2329 1355 2383 plantis
1388 2330 1435 2373 id
1469 2329 1594 2384 quod
1637 2329 1681 2372 in
1726 2329 1933 2385 virgulae

1181 2389 1366 2432 modum
1399 2388 1474 2432 vel
1506 2388 1588 2432 teli
1609 2389 1931 2432 rectitudinem

1183 2448 1421 2503 consurgit
1462 2448 1611 2504 thyrsi
1645 2461 1811 2492 nomen
1843 2447 1932 2491 sibi

1180 2506 1400 2557 vindicat,
1434 2507 1546 2550 utin
1565 2519 1795 2562 asparago
1813 2506 1930 2551 Plin.

1183 2566 1251 2616 19,
1283 2566 1384 2625 ¹146.
1420 2566 1603 2609 lactuca
1623 2567 1720 2609 123.
1758 2566 1931 2610 ubino-

1179 2629 1276 2668 stro
1302 2625 1468 2669 dorsch
1491 2629 1538 2668 et
1559 2624 1723 2668 strunk
1742 2638 1930 2680 respon-

1180 2684 1273 2733 det,
1306 2685 1352 2727 in
1383 2684 1543 2728 boleto
1577 2683 1660 2727 hut
1680 2684 1793 2727 Diez
1817 2685 1926 2727 Lex.

1179 2742 1224 2786 d.
1257 2756 1370 2786 rom.
1404 2757 1494 2798 spr.
1529 2756 1572 2798 p.
1607 2742 1708 2786 349.
1740 2743 1841 2786 350.
1878 2769 1925 2773 —

1178 2813 1341 2845 uvam
1374 2815 1430 2845 ex
1448 2814 1544 2856 par.
1574 2814 1740 2846 ovam
1764 2806 1796 2852 β
1819 2815 1929 2846 ova.

1175 2860 1318 2916 vulgo
1353 2865 1403 2904 ut
1444 2860 1543 2904 384.
1589 2865 1661 2905 est
1701 2873 1792 2905 uva
1833 2873 1928 2904 ma-

1175 2919 1275 2962 rina
1323 2919 1397 2963 vel
1446 2919 1609 2976 thynni
1656 2920 1731 2964 vel
1778 2919 1927 2964 echini

1175 2979 1351 3030 marini,
1395 2979 1523 3023 cuius
1575 2979 1729 3035 gratia
1778 2979 1927 3025 cauda
