2098 3470
339 270 443 325 104
887 269 985 317 Lib.
1008 270 1073 316 V.
1139 273 1348 329 Ospreos.

334 408 392 457 ut
429 402 651 470 ferveat,
708 420 826 457 cum
866 404 1002 458 bene
1043 405 1309 473 fervuerit,
1360 405 1583 473 obligas,
1626 405 1826 462 adicies
1866 407 1918 461 in

332 478 558 532 boletari
599 478 772 531 oleum
812 477 997 533 viride.

451 554 568 606 191.
623 553 1063 607 Lenticulam
1106 553 1186 607 de
1227 553 1624 607 castaneis:
1686 554 1919 625 accipies

332 628 622 680 caccabum
670 643 862 679 novum
919 632 971 680 et
1019 632 1301 682 castaneas
1340 632 1596 699 purgatas
1637 627 1920 695 diligenter

331 700 508 767 mittis,
562 700 765 754 adicies
819 717 1011 768 aquam
1067 706 1119 755 et
1157 702 1346 755 nitrum
1387 701 1611 755 modice.
1657 701 1824 756 facies
1864 708 1922 756 ut

334 781 603 842 coquatur⁴
653 791 768 828 eum
810 776 1064 844 coquit-ur,
1107 776 1281 830 mittes
1318 776 1373 828 in
1413 775 1715 828 mortarium
1748 777 1918 847 piper,

331 848 595 916 ciminum,
651 866 830 902 semen
887 849 1170 917 coriandri,
1224 855 1390 916 rutae,
1438 849 1626 903 lasaris
1666 850 1916 917 radicem,

329 928 578 990 mentam,
632 923 883 992 puleium,
935 923 1168 991 fricabiS,
1223 923 1481 977 suffundis
1522 929 1748 994 acetum,
1796 926 1916 992 mel,

328 997 616 1064 liquamen,
660 1003 812 1051 aceto
852 998 1175 1067 temperabis
1216 1002 1268 1052 et
1300 1015 1460 1068 super
1494 1003 1773 1052 castaneas
1798 1016 1917 1053 coc-

327 1076 413 1124 tas
452 1071 707 1139 refundis,
748 1072 950 1126 adicies
991 1073 1182 1126 oleum.
1231 1071 1401 1126 facies
1441 1077 1498 1125 ut
1535 1071 1756 1126 ferveat.
1800 1089 1917 1128 cum
1958 1097 1960 1099 ·

330 1147 467 1199 bene
521 1146 789 1212 fervuerit,
850 1146 1177 1200 turundabis.
1239 1151 1296 1198 ut
1359 1147 1414 1199 in
1467 1147 1715 1199 mortario
1758 1152 1915 1214 tereS,

329 1225 529 1288 gustaS,
585 1220 629 1272 si
671 1221 796 1287 quid
838 1220 1006 1287 deest,
1062 1220 1247 1274 addes.
1294 1237 1411 1276 cum
1452 1221 1504 1273 in
1546 1221 1785 1275 boletare
1826 1222 1917 1274 mi-

327 1296 476 1360 seris,
518 1294 691 1347 addes
732 1295 903 1347 oleum
952 1295 1136 1348 viride.

443 1370 562 1421 192.
625 1369 842 1423 Aliter
894 1369 1330 1422 lenticulam:
1395 1368 1592 1435 coquis.
1655 1386 1771 1422 cum
1825 1369 1915 1424 de-

327 1443 675 1514 spumaveris,
718 1460 930 1514 porrum
974 1448 1025 1497 et
1066 1442 1401 1497 coriandrum
1435 1443 1606 1496 viride
1641 1446 1915 1511 supermit-

324 1517 404 1570 tis.
449 1516 609 1569 mittis
651 1517 916 1570 coriandri
970 1534 1170 1584 semen,
1221 1517 1472 1586 puleium,
1530 1517 1722 1570 lasaris
1776 1519 1914 1571 radi-

327 1608 470 1658 cem,
522 1607 705 1644 semen
757 1596 968 1644 mentae
1022 1596 1073 1644 et
1124 1596 1290 1658 rutae,
1345 1591 1588 1656 fricabiS,
1644 1592 1915 1645 suffundcs

325 1670 552 1730 acetum,
594 1665 797 1719 adicies
837 1666 957 1731 mel,
997 1666 1280 1735 liquamen.
1320 1670 1491 1732 aceto,
1534 1664 1756 1719 defricto
1785 1671 1914 1720 tem-

323 1739 557 1808 perabiS,
600 1739 803 1793 adicies
845 1740 1035 1793 oleum.
1079 1739 1323 1807 agitabis,
1381 1739 1425 1793 si
1466 1739 1592 1806 quid
1632 1756 1764 1811 opus
1804 1740 1914 1794 fue-

323 1814 406 1880 rit,
448 1813 623 1865 mittis
668 1815 842 1866 amolo
879 1814 1104 1881 obligas,
1144 1814 1362 1883 insuper
1404 1814 1576 1867 oleum
1605 1814 1772 1869 viride
1800 1815 1913 1869 mit-

325 1888 411 1954 tis,
452 1888 607 1956 piper
646 1887 893 1958 aspargis
934 1893 987 1941 et
1023 1888 1235 1942 inferes.

1167 2025 1366 2071 tornare,
1398 2021 1576 2077 globuli
1610 2020 1802 2065 formam
1837 2021 1913 2066 ha-

1165 2080 1310 2125 bebat
1355 2080 1563 2125 orbiculo
1605 2085 1783 2126 tractae
1819 2083 1913 2125 188.

326 2020 427 2064 cod.
466 2019 583 2068 {sic
630 2019 845 2072 „oleum
878 2020 1075 2064 viride

324 2081 381 2123 in
415 2079 788 2123 lenticulam.
822 2079 902 2123 De
929 2085 1072 2123 cast.

324 2144 372 2183 et
403 2151 500 2194 par.
543 2139 795 2183 viridem
828 2139 1075 2183 lenticu-

324 2199 432 2241 lam
466 2197 534 2241 de
568 2203 712 2242 cast.

414 2257 475 2300 ad
514 2258 606 2300 191.
665 2270 867 2313 aquam
901 2262 959 2301 et
991 2259 1075 2301 ni-

324 2322 344 2360 t
358 2330 378 2360 r
392 2331 421 2359 u
434 2330 476 2359 m
491 2329 657 2372 aquam
676 2317 1075 2373 11it1·atan1,lauge.

397 2389 482 2431 pro
508 2376 863 2420 tutuncabis
897 2376 969 2419 vel
997 2382 1077 2420 tu-

324 2435 660 2486 tunclabiS‚
723 2435 962 2478 tutund.
1000 2440 1078 2479 ·ut

326 2494 420 2537 198.
459 2495 589 2537 Hum.
625 2494 810 2549 scripsit
850 2494 1077 2538 tudicu-

323 2552 487 2596 labis
515 2553 722 2596 tudicula
740 2553 956 2608 agitabis.
989 2566 1076 2609 ego

324 2611 365 2654 cl
398 2612 557 2668 legens
590 2612 620 2655 d
646 2612 850 2666 (ad183)
884 2617 1069 2656 turun-

323 2671 498 2715 dabis
543 2671 785 2714 turundam
831 2671 988 2714 mittes
1021 2685 1078 2716 ex

323 2743 471 2785 eaque
535 2730 790 2786 obligabis,
853 2735 905 2773 ut
966 2730 1077 2774 alibi

322 2789 492 2832 amulo.
526 2789 584 2834 de
618 2802 673 2833 eo
707 2789 818 2840 libo,
852 2789 969 2833 alias
987 2789 1076 2833 diis

324 2848 463 2891 etiam
498 2848 676 2899 oblato,
711 2847 769 2896 cf.
802 2848 916 2892 Non.
943 2862 989 2904 p.
1017 2863 1073 2892 m.

323 2907 422 2953 379.
459 2920 558 2954 cum
594 2907 830 2952 derivetur
871 2920 899 2953 a
930 2908 1074 2954 verbo

1166 2139 1280 2184 haut
1311 2139 1568 2184 absimilem
1593 2165 1639 2169 -
1676 2145 1736 2184 ut
1769 2141 1824 2185 in
1858 2154 1915 2186 ex

1166 2202 1223 2255 βγ
1255 2212 1340 2255 pro
1373 2200 1531 2244 etin.
1574 2225 1624 2229 —
1670 2199 1916 2244 boletar

1166 2262 1210 2309 β.
1255 2258 1518 2302 voletari
1570 2275 1606 2312 γ.
1650 2259 1914 2304 volitare

1167 2316 1268 2364 flor.
1303 2330 1397 2372 par.
1434 2315 1622 2361 ‹af-190.

1257 2377 1318 2420 ad
1353 2377 1452 2422 192.
1515 2377 1708 2420 mittis
1741 2377 1914 2421 adicies

1168 2435 1211 2478 in
1230 2436 1512 2479 mortarium.
1527 2436 1775 2479 secundum
1794 2451 1837 2480 m
1851 2437 1864 2480 i
1876 2442 1912 2480 t-

1169 2495 1248 2537 tis
1289 2499 1361 2538 est
1400 2495 1545 2539 addes
1581 2496 1677 2538 191.
1722 2496 1783 2539 ad
1825 2500 1913 2540 ter-

1168 2554 1282 2597 tium
1325 2554 1490 2609 supple
1536 2568 1663 2606 „cum
1706 2555 1750 2598 in
1787 2554 1912 2598 bole-

1168 2617 1268 2656 tare
1301 2613 1518 2657 miseris“.

1258 2672 1319 2715 ad
1365 2673 1461 2716 193.
1538 2672 1912 2728 despumave—

1167 2731 1246 2774 rit
1279 2730 1414 2774 codd.
1457 2735 1504 2774 ct
1544 2731 1642 2774 201.
1676 2730 1776 2774 204.
1811 2731 1909 2774 ⁶205.

1168 2803 1283 2833 corr.
1326 2803 1381 2833 ex
1427 2791 1523 2833 192.
1561 2790 1658 2833 198.
1702 2802 1910 2844 spumam

1167 2849 1476 2905 detergebant
1506 2849 1671 2904 pinnis,
1704 2848 1819 2893 Plin.
1839 2850 1911 2900 32,

1168 2908 1237 2954 78.
1284 2933 1336 2938 -
1387 2912 1665 2954 caraucta
1696 2920 1792 2967 par.
1828 2920 1911 2957 ca-
