2098 3470
686 304 786 348 Lib.
803 303 881 348 IV.
930 303 1203 348 Pandectes.
1671 297 1738 353 77

154 440 281 492 tima
319 437 526 492 fuerint.
567 437 703 490 haec
753 436 930 488 omnia
971 435 1222 489 concides
1263 435 1547 502 diligenter
1586 450 1744 503 prae-

154 520 234 566 ter
282 513 535 578 ficetulas‚
592 529 692 563 ova
739 527 864 562 vero
908 509 1089 576 cruda,
1145 527 1264 561 cum
1318 511 1435 562 oleo
1478 507 1741 560 dissolvis,

156 592 298 640 teres
337 586 506 657 piper,
546 584 848 651 ligisticum,
898 582 1171 635 suffundes
1209 583 1493 650 liquamen,
1545 581 1740 647 vinum,

154 677 372 731 passum
413 665 464 712 et
501 660 556 711 in
596 659 884 711 caccabum
925 657 1083 709 mittis
1122 661 1178 708 ut
1218 656 1431 710 calefiat
1478 660 1529 709 et
1567 655 1743 707 amolo

155 734 377 800 obligas,
419 738 578 785 antea
608 737 788 784 tamen
828 731 1019 801 pulpas
1049 731 1290 783 concisas
1319 730 1594 782 universas
1620 729 1744 781 illuc

153 809 330 860 mittes
383 812 434 858 et
482 807 556 859 sic
609 805 804 858 bulliat.
848 810 903 857 at
941 804 1030 856 ubi
1070 810 1276 857 coctum
1314 803 1486 870 fuerit,
1539 802 1744 855 levabis

155 898 271 934 cum
310 881 423 933 iure
464 897 559 932 suo
615 884 666 932 et
715 880 770 931 in
810 879 1061 950 patellam
1104 878 1320 931 alternis
1361 877 1429 930 de
1469 878 1626 929 trulla
1663 893 1744 929 re·-

151 954 316 1007 funde
355 954 555 1020 sicium‚
603 952 804 1023 piperis
857 969 1027 1019 grana
1076 951 1287 1019 integra
1336 956 1388 1004 et
1425 951 1627 1004 nucleis
1667 950 1743 1020 pi-

153 1029 285 1095 neis,
326 1028 400 1081 ita
439 1033 494 1079 ut
530 1044 628 1098 per
667 1027 878 1094 singula
912 1026 1059 1079 coria
1091 1028 1398 1079 substernas
1433 1024 1742 1096 diploidem,

155 1102 279 1156 dein
330 1102 582 1169 laganum
634 1101 886 1154 similiter.
939 1104 1195 1168 quotquot
1243 1101 1443 1167 lagana
1482 1098 1743 1170 posueriS‚

154 1181 230 1230 tot
267 1177 450 1229 trullas
489 1176 679 1246 inpleS,
722 1174 954 1245 desuper
992 1173 1212 1227 adicies,
1254 1190 1414 1226 unum
1441 1190 1568 1226 vero
1594 1173 1744 1240 laga-

155 1267 275 1303 num
328 1249 502 1303 fistula
552 1249 817 1321 percuties
867 1253 918 1301 et
969 1264 1130 1318 super
1167 1248 1411 1318 inpones,
1466 1247 1622 1318 piper
1662 1263 1743 1300 as—

156 1341 368 1395 parges.
410 1328 534 1377 ante
571 1329 750 1376 tamen
787 1323 906 1375 illas
940 1323 1133 1392 pulpas
1158 1324 1271 1375 ovis
1301 1321 1586 1375 confractis
1617 1320 1744 1374 obli-

156 1399 310 1465 gabis
351 1403 403 1451 et
441 1399 518 1451 sic
554 1401 609 1450 in
636 1398 920 1450 saccabum
946 1396 1137 1463 mitteS‚
1178 1402 1288 1448 tum
1312 1396 1610 1468 inpensam.
1651 1411 1745 1466 pa-

155 1472 334 1524 tellam
376 1471 634 1543 [aeneam]
691 1471 900 1537 qualem
941 1469 1108 1523 debes
1149 1471 1347 1524 habere
1393 1470 1533 1523 infra
1573 1474 1746 1523 osten-

156 1545 325 1598 datur.
1284 1572 1289 1576 ·

270 1617 390 1672 135.
431 1618 679 1670 Patina
721 1618 1100 1673 catillana:
1152 1618 1387 1689 accipies
1427 1618 1622 1671 frustra
1661 1633 1744 1670 su-

154 1693 308 1746 minis
362 1697 530 1759 cocta,
591 1693 781 1763 pulpas
835 1691 1057 1762 piscium
1111 1698 1311 1758 coctaS‚
1372 1693 1564 1764 pulpas
1617 1691 1749 1762 pulli

155 1772 351 1822 coctas.
391 1766 527 1819 haec
569 1768 745 1818 omnia
785 1765 1054 1834 concideS,
1098 1765 1352 1838 [accipias
1377 1766 1630 1837 patellam
1658 1782 1746 1818 ae-

154 1931 348 1985 sparge“
376 1929 471 1972 133.
508 1933 555 1972 et
580 1928 808 1982 „adorna“
844 1928 905 1972 ad

162 1989 388 2042 „nucleis“
434 1988 532 2030 206.
575 1988 788 2030 sicium
830 1987 904 2030 isi-

996 1941 1115 1984 quae
1165 1929 1262 1971 121.
1312 1932 1425 1984 apta
1468 1932 1540 1972 est
1582 1927 1746 1971 substi-

996 1988 1171 2032 tuenda
1203 1991 1303 2031 erat
1337 1987 1636 2031 catillana
1670 1986 1747 2029 de-

156 2049 289 2099 cium,
332 2046 565 2097 haecksel,
606 2045 775 2090 fiillsel.
812 2060 905 2090 co-

154 2107 298 2150 rium
332 2106 475 2161 lage,
536 2104 754 2150 schichte.
820 2106 905 2149 di-

154 2166 315 2222 plois
359 2165 507 2208 solum
543 2165 711 2208 ceteris
744 2165 904 2208 tractis

156 2225 366 2275 crassius,
397 2223 694 2279 doppellage,
722 2224 904 2268 mantel.

157 2285 291 2328 dein
314 2297 426 2327 corr.
449 2297 533 2338 pro
558 2283 631 2326 in.
660 2308 711 2312 -
737 2283 904 2339 laga-

156 2357 283 2387 num
317 2348 482 2394 tracta,
517 2342 648 2397 quasi
679 2344 904 2386 membra-

155 2403 279 2453 nula,
299 2400 618 2445 kuchenblatt.
645 2400 668 2444 f
677 2402 690 2443 i
703 2415 723 2444 s
735 2406 765 2444 t.
787 2415 816 2457 p
829 2415 852 2446 e
866 2416 904 2444 r-

157 2466 265 2505 cut.
309 2460 477 2505 baculo
518 2465 666 2504 terete
699 2462 900 2516 compla-

157 2520 289 2564 nabis
323 2525 370 2563 et
387 2520 667 2571 attenuabis,
701 2519 790 2563 den
808 2521 907 2576 teig

155 2580 239 2622 mit
279 2579 360 2622 der
401 2579 517 2622 rolle
561 2593 616 2622 zu
648 2579 794 2623 einem
826 2592 904 2622 nu-

158 2637 418 2683 delkuchen
465 2638 754 2689 austreiben,
803 2651 906 2682 aus-

156 2698 344 2742 waelen.
378 2697 566 2741 trulla
593 2695 906 2752 schoepfloef-

157 2754 233 2801 fel.
268 2782 322 2787 -
367 2755 531 2800 infra
565 2757 662 2800 135.
700 2757 817 2800 194?

247 2815 308 2859 ad
342 2816 437 2860 135.
508 2829 592 2871 pro
636 2814 796 2871 inepta
827 2829 906 2872 paz

160 2874 258 2917 tina
300 2875 622 2919 cotidiana
694 2875 795 2919 cod.
861 2891 904 2915 π.

160 2933 607 2991 velquotidiana
623 2936 906 2991 reliquorum

995 2047 1158 2091 liciosa
1190 2047 1264 2091 vel
1298 2047 1645 2090 castellana
1686 2045 1748 2089 ad

997 2106 1179 2150 castelli
1225 2101 1422 2162 figuram
1456 2106 1637 2150 effecta.
1689 2103 1745 2148 cf.

995 2164 1175 2209 Arnob.
1219 2165 1262 2216 4,
1295 2165 1366 2207 42.
1414 2178 1515 2208 cum
1548 2165 1746 2219 interpp.

996 2224 1171 2268 Athen.
1209 2224 1278 2273 14,
1310 2224 1379 2267 57.
1416 2224 1514 2267 Cat.
1541 2223 1610 2266 84.
1646 2222 1743 2266 Sal-

996 2296 1107 2327 mas.
1157 2284 1203 2326 in
1246 2283 1388 2326 Solin.
1428 2297 1473 2338 p.
1507 2283 1579 2327 90.
1612 2282 1655 2326 b.
1693 2306 1747 2311 —-

997 2356 1130 2387 sum.
1165 2348 1342 2386 cocta
1375 2342 1626 2386 cumHum.
1662 2354 1746 2396 pro

998 2407 1231 2446 coctum
1265 2407 1312 2446 et
1345 2406 1573 2445 coctam
1612 2400 1747 2444 codd.

996 2467 1206 2517 praestet
1254 2462 1416 2505 cocti
1470 2461 1566 2504 134.
1620 2464 1748 2515 post-

999 2533 1136 2577 quam
1178 2521 1348 2576 pulpae
1401 2520 1554 2564 dictae
1598 2519 1748 2563 conei-

998 2593 1076 2624 sae
1110 2584 1157 2623 et
1189 2580 1232 2622 in
1267 2580 1467 2623 caccabo
1508 2579 1608 2623 ovis
1642 2591 1748 2621 con-

998 2638 1157 2683 fractis
1191 2639 1446 2682 dissolutae
1488 2643 1539 2683 et
1570 2637 1748 2693 obliga-

998 2704 1075 2742 tae
1107 2702 1227 2750 sunt,
1259 2699 1329 2742 ius
1346 2703 1538 2753 paratur
1554 2698 1600 2741 in
1623 2696 1750 2753 quod

998 2758 1168 2813 pulpae
1200 2758 1308 2801 illae
1343 2763 1393 2801 ut
1418 2759 1625 2812 impensa
1644 2756 1746 2800 mit-

999 2822 1171 2869 tuntur,
1207 2817 1374 2861 deinde
1404 2818 1455 2860 in
1487 2817 1636 2860 altera
1667 2829 1748 2871 pa-

999 2877 1097 2919 tina
1129 2881 1365 2921 artocreas
1399 2877 1663 2920 exstruitur.
1693 2900 1747 2906 —-

1000 2936 1243 2992 obligas
1276 2936 1430 2982 amolo
1467 2936 1562 2980 134.
1613 2935 1748 2980 sub-
