2098 3470
214 1010 623 1075 FRANOISOO
659 1011 704 1064 A
733 1006 1356 1063 PFAFFENHOFFEN
1395 1006 1488 1060 ET
1533 1005 1820 1059 GENERE

224 1103 316 1156 ET
358 1101 580 1156 OMNIS
621 1098 1080 1153 DISCIPLINAE
1129 1095 1509 1149 LIBERALIS
1552 1094 1820 1149 STUDIO

225 1190 488 1258 NOBILI,
537 1187 1005 1243 LITTERARUM
1044 1183 1383 1240 PATRONO
1435 1184 1821 1239 GENEROSO

525 1278 679 1333 OHR.
723 1276 1180 1332 THEOPHILUS
1223 1275 1523 1330 SCHUOH.

339 1429 469 1483 Cum
510 1429 697 1495 Tuum,
753 1432 809 1479 ut
848 1425 970 1494 scis,
1025 1425 1304 1480 consilium
1358 1429 1573 1480 secutus
1614 1424 1713 1478 sim
1754 1424 1823 1480 de

226 1519 328 1573 hoc
368 1517 579 1572 edendo
623 1517 828 1587 Apicio,
870 1516 951 1569 vir
990 1514 1310 1569 amicissime
1351 1519 1404 1568 et
1440 1513 1617 1568 multis
1656 1515 1822 1568 nomi-

227 1610 383 1663 nibus
434 1606 562 1661 mihi
619 1606 863 1673 colende,
917 1623 1025 1659 non
1078 1605 1169 1657 diu
1221 1604 1560 1672 quaerendus
1599 1603 1698 1657 fuit
1739 1605 1825 1659 cui

228 1698 369 1752 hunc
420 1697 658 1751 libellum
712 1694 1143 1749 commendarem
1199 1710 1266 1747 ex
1313 1698 1513 1748 vetere.
1538 1698 1592 1747 et
1628 1693 1823 1749 usitato

230 1787 547 1855 scriptorum
586 1802 732 1839 more
770 1816 843 1823 ——
883 1785 960 1838 sic
998 1801 1229 1851 namque
1267 1788 1478 1838 veteres
1516 1783 1594 1836 illi
1632 1783 1827 1838 heroes

232 1876 320 1943 qui
373 1876 526 1929 nobis
578 1876 715 1929 bene
764 1873 1035 1928 sentiendi
1088 1878 1140 1927 et
1192 1873 1463 1927 scribendi
1518 1875 1825 1943 exemplum

231 1965 558 2032 reliquerunt
607 1964 853 2020 solebant
904 1962 1051 2031 apud
1105 1979 1200 2016 eos
1260 1962 1448 2029 quibus
1507 1979 1604 2017 sua
1663 1980 1831 2032 opera

233 2053 512 2107 mittebant
549 2052 785 2121 praefari
810 2083 883 2091 —-
910 2052 1104 2119 quique
1135 2056 1446 2120 protegeret
1477 2070 1542 2106 ac
1576 2058 1829 2122 tueretur,

235 2142 383 2195 cuius
416 2142 544 2195 item
577 2140 942 2210 amplitudine,
985 2141 1315 2209 auctoritate,
1357 2141 1645 2210 splendore
1675 2158 1831 2211 opus-

235 2231 410 2284 culum
462 2231 632 2284 maius
681 2230 1077 2298 quodammodo
1134 2235 1185 2284 et
1231 2230 1448 2298 gravius
1491 2236 1543 2285 et
1579 2230 1832 2284 illustrius

234 2319 564 2373 redderetur.
607 2319 803 2373 aderas
836 2337 1048 2389 nempe,
1091 2337 1209 2374 cum
1236 2319 1293 2372 id
1323 2320 1530 2373 consilii
1560 2337 1831 2389 caperem,

236 2408 325 2474 qui
377 2408 503 2460 mihi
554 2408 710 2461 huius
759 2414 943 2462 auctor
982 2409 1143 2477 fuisti,
1194 2408 1320 2462 dum
1362 2409 1522 2463 etiam
1563 2427 1832 2465 commen-

234 2502 393 2564 tarer,
437 2496 630 2550 aderas
663 2514 1038 2565 nunquamque
1066 2498 1380 2565 gravabaris
1411 2516 1633 2568 operam
1669 2501 1835 2553 Tuam

236 2586 390 2639 nobis
429 2586 719 2655 impertire,
761 2603 918 2656 quem
958 2592 1084 2641 tunc
1123 2587 1178 2639 in
1219 2587 1477 2656 oppidulo
1504 2604 1835 2642 commoran-

235 2679 343 2727 tem
383 2674 452 2729 de
492 2675 668 2728 multis
710 2677 1071 2744 consulebam,
1121 2677 1315 2731 aderas
1356 2677 1516 2731 etiam
1556 2695 1632 2746 re,
1674 2679 1840 2747 plena

237 2780 398 2816 manu
424 2763 758 2832 largiebaris,
801 2766 981 2834 ampla
1020 2766 1341 2820 liberalitate
1381 2767 1594 2834 vigilias
1627 2773 1839 2822 nostras

237 2853 670 2922 prosequebariS,
717 2854 798 2907 ita
841 2854 1234 2923 satisfaciebaS,
1285 2860 1343 2908 ut
1382 2857 1839 2924 exspectationem

239 2942 577 3009 superaveris
617 2943 811 2996 aetatis
852 2949 1070 2998 nostrae
1110 2946 1245 2997 alter
1280 2946 1588 3015 Maecenas,
1630 2963 1752 2998 nam
1786 2952 1842 2999 ut

808 3298 1251 3389 θ’ἷῦῗέέῖίἒῦῧ
