2098 3470
641 321 739 366 Lib.
774 320 853 366 IV.
914 320 1187 366 Pandectes.
1651 319 1717 372 97

132 457 435 523 feniculum,
496 458 689 523 betam,
749 456 994 521 malvam,
1057 454 1335 508 coliculum
1394 453 1609 506 mollem
1665 458 1717 506 et

131 531 322 584 viridia
362 529 656 583 minutatim
697 530 912 583 concisa
947 529 1003 580 in
1043 530 1334 581 caccabum
1373 527 1548 580 mittis.
1620 526 1718 579 Co-

132 606 282 658 liclos
336 604 519 657 elixas,
578 609 630 657 et
680 608 823 656 teres
872 602 1091 656 feniculi
1130 619 1315 655 semen
1355 601 1500 667 satiS‚
1545 600 1718 668 origa-

133 696 271 745 num,
313 678 413 731 silfi
455 675 676 749 (piper),
716 677 1017 743 ligisticum.
1060 681 1344 746 postquam
1382 675 1607 739 triveris,
1663 674 1721 727 li-

134 752 379 820 quamine
417 751 741 821 temperabis
782 756 833 804 et
878 767 1038 820 super
1078 749 1351 817 legumina
1389 748 1627 802 refundis
1670 752 1723 801 et

133 827 327 893 agitas,
375 825 680 879 coliclorum
722 825 925 877 minuta
965 841 1125 894 super
1166 823 1420 876 concidis.

249 900 368 953 181.
431 899 713 952 Gustum
753 898 1111 952 versatile:
1172 898 1323 951 albas
1362 898 1515 950 betas
1554 895 1721 948 minu-

131 978 230 1040 taS‚
273 989 461 1044 porros
501 972 786 1039 requietos,
829 972 998 1042 apios,
1039 972 1245 1038 bulbos,
1289 972 1504 1025 cocleas
1536 970 1721 1024 elixas

132 1047 339 1115 gigeria
390 1047 668 1118 pullorum,
726 1047 977 1113 ancellas,
1030 1045 1183 1099 isicia
1233 1062 1432 1114 coques
1486 1062 1553 1097 ex
1590 1044 1721 1097 iure.

132 1123 422 1192 perunguis
461 1120 698 1191 patinam
740 1126 792 1174 et
828 1120 959 1173 folia
995 1120 1292 1174 malvarum
1338 1119 1629 1172 substernis
1672 1123 1724 1171 et

133 1195 398 1267 promixta
439 1195 586 1248 olera
627 1195 888 1265 conponis
928 1194 1063 1248 sicut
1101 1195 1243 1261 laxa,
1292 1193 1567 1264 permiscis
1608 1193 1720 1246 bul-

134 1270 230 1324 bos
268 1269 526 1338 inversos‚
570 1268 911 1336 damascena,
963 1269 1191 1335 cocleaS‚
1239 1268 1406 1335 isicia,
1448 1267 1722 1321 lucanicas

133 1417 374 1474 qualitatis
405 1419 449 1461 in
482 1416 650 1461 Edicto
669 1417 815 1462 Diocl.
837 1417 878 1469 6,

131 1479 172 1521 9.
193 1477 262 1521 10.
281 1477 339 1521 de
373 1476 631 1532 quibusque
648 1477 762 1520 satis
781 1476 874 1521 dic-

131 1542 229 1580 tum
271 1536 391 1580 inter
431 1536 568 1580 Olera
607 1549 652 1591 p.
685 1536 754 1580 35.
803 1536 878 1580 vel

132 1595 318 1640 feniculi
351 1595 594 1639 coliculum
626 1610 682 1638 m.
718 1595 796 1651 qui
828 1599 879 1639 ut

131 1655 226 1710 apii
268 1654 394 1710 apud
436 1653 613 1698 Colum.
657 1656 726 1706 12,
762 1655 801 1706 7,
837 1656 876 1698 1.

134 1714 179 1757 in
211 1727 341 1758 usum
375 1713 622 1769 colligitur.
657 1713 878 1758 culicu-

135 1773 248 1816 lum
280 1773 459 1818 molle
491 1773 536 1816 in
556 1773 767 1817 omnibus
786 1772 881 1818 fere

136 1832 270 1877 codd.
319 1858 369 1862 -—
410 1832 587 1876 viridi
631 1832 765 1877 codd.
799 1833 881 1876 vi*

135 1891 265 1936 ride
299 1891 370 1936 ed.
404 1904 470 1946 pr.
505 1892 551 1935 in
585 1905 675 1947 qua
703 1904 793 1935 una
810 1897 883 1936 est

136 1950 451 1994 minutatim
471 1964 555 2006 pro
574 1951 789 1994 minuta
807 1965 881 1996 co-

137 2010 287 2054 dicum
310 2010 387 2065 qui
400 2010 500 2054 ⁶209.
523 2010 647 2053 mina
665 2011 884 2056 offerunt.

139 2094 192 2099 ——
225 2069 415 2113 elixas
448 2082 504 2112 ex
536 2069 622 2113 209
656 2083 740 2125 pro
775 2070 880 2114 eli-

136 2141 251 2172 xos.
285 2128 452 2172 lacuna
468 2129 514 2172 in
539 2128 557 2176 ζ
574 2142 658 2184 pro
678 2141 734 2172 ea
754 2142 880 2174 voce.

142 2213 192 2217 —
227 2200 345 2243 quae
378 2193 633 2243 sequuntur
665 2189 884 2232 aromati-

138 2258 219 2291 cae
260 2246 430 2291 herbae
473 2252 581 2290 sunt
623 2247 794 2291 aridae.
831 2273 883 2278 —-

137 2306 391 2350 triveris
424 2319 480 2350 ex
512 2307 733 2351 209.cum
751 2307 883 2350 Hum.

138 2378 222 2420 pro
256 2365 576 2410 tribueris.
604 2391 655 2395 —
690 2367 886 2422 agites

140 2425 363 2480 coagites.
398 2450 449 2454 -—
496 2424 887 2469 coliculorum

139 2483 322 2528 illorum
353 2484 535 2527 interim
559 2480 812 2529 coctorum.
833 2510 885 2514 »-

139 2543 394 2586 minutas
428 2543 564 2587 codd.
598 2544 887 2587 minutias

139 2602 273 2647 Hum.
306 2602 615 2657 interpretans
658 2603 888 2658 praecisu-

140 2674 214 2705 ras
272 2661 617 2717 particulasque
675 2662 720 2705 in
774 2675 889 2718 quas

142 2721 314 2764 concisi
346 2726 452 2764 sunt
485 2721 680 2765 coliculi.

230 2780 290 2824 ad
325 2781 421 2823 181.
467 2786 706 2836 gustum
739 2794 773 2824 s.
808 2793 891 2836 gu·

142 2842 255 2890 stus,
273 2839 480 2895 gustatio
495 2840 700 2884 Petronii
718 2841 788 2883 21.
820 2841 891 2883 31.

144 2898 379 2953 gustulum
413 2898 585 2952 Apulei
618 2904 723 2943 met.
760 2901 801 2950 2,
823 2899 890 2942 10.

143 2958 278 3011 γεῦμα
320 2957 400 3011 (ad
436 2957 642 3015 Hesych.
681 2959 726 3001 in
760 2959 894 3010 voc),

191 3029 229 3060 O.
257 3030 407 3070 Apicius
432 3032 489 3064 ed.
515 3031 671 3065 Schueli.

971 1422 1043 1462 est
1075 1415 1297 1461 ferculum
1333 1415 1458 1472 quod
1490 1419 1722 1471 gustatur,

971 1477 1144 1520 dietum
1177 1476 1236 1520 ab
1271 1475 1549 1520 excellentia
1582 1488 1718 1530 sapo-

970 1536 1031 1579 ris
1064 1540 1112 1580 et
1134 1535 1448 1591 splendidiore
1492 1538 1723 1590 apparatu

970 1595 1168 1650 hincque
1200 1595 1493 1650 potissimum
1538 1594 1595 1637 de
1628 1594 1722 1636 ien-

969 1655 1128 1698 taculo
1161 1659 1409 1710 usurpatur
1442 1658 1489 1697 et
1514 1653 1724 1697 converti

969 1718 1129 1769 potest
1192 1727 1432 1764 vorcssen,
1507 1712 1723 1768 eingang‚

974 1773 1231 1828 comparari
1266 1772 1503 1817 Gallorum
1538 1772 1722 1827 ragosit,

972 1832 1072 1888 plat
1126 1832 1183 1876 de
1229 1832 1360 1887 gont,
1419 1829 1724 1888 geschmack-

972 1892 1139 1947 speise‚
1172 1891 1394 1935 Italorum
1435 1903 1616 1946 sapore.
1665 1888 1722 1933 cf.

975 1951 1073 1994 182.
1120 1951 1217 1993 183.
1256 1951 1350 1994 184.
1385 1949 1556 1994 Athen.
1591 1949 1634 2001 4,
1670 1949 1723 1993 17

972 2006 1052 2056 fin.
1085 2009 1127 2060 4,
1163 2011 1230 2053 19.
1263 2010 1303 2061 6,
1322 2010 1394 2053 47.
1417 2009 1482 2061 14,
1502 2009 1573 2053 83.
1605 2024 1722 2061 ματ-

971 2068 1074 2121 τύης
1115 2082 1198 2112 seu
1228 2068 1431 2122 ματτύας.
1476 2068 1533 2112 de
1574 2068 1726 2112 adiec-

973 2129 1071 2172 tivo
1119 2128 1181 2171 ad
1230 2129 1328 2171 12⁵2..
1379 2153 1433 2157 —
1482 2127 1728 2171 ablatas

973 2187 1086 2231 bet.
1136 2200 1232 2242 par.
1279 2192 1326 2231 et
1374 2187 1444 2231 ed.
1494 2200 1560 2242 pr.
1612 2198 1728 2242 quas

976 2246 1266 2302 explicabam
1311 2246 1577 2297 translatas,
1630 2259 1729 2289 ver-

976 2310 1140 2357 setzte,
1174 2320 1230 2350 ex
1262 2306 1379 2350 Plin.
1422 2306 1607 2357 19‚133.
1632 2304 1729 2348 135.

977 2365 1052 2410 vel
1100 2369 1359 2420 perceptas,
1418 2366 1462 2408 in
1515 2363 1729 2408 horreum

981 2424 1216 2476 collectas,
1266 2438 1322 2469 ex
1370 2424 1519 2468 Diezii
1566 2423 1653 2468 lex.
1686 2423 1728 2466 d.

978 2498 1089 2527 rom.
1110 2497 1200 2539 spr.
1235 2497 1278 2539 p.
1298 2484 1367 2527 53.
1404 2496 1522 2539 quae
1540 2496 1731 2538 respon-

980 2543 1143 2587 derent
1173 2543 1323 2598 porris
1355 2543 1592 2599 requietis,
1634 2542 1730 2598 qui-

979 2602 1171 2646 buscum
1205 2602 1342 2646 betae
1376 2606 1424 2646 et
1447 2602 1732 2657 62.iungun-

980 2667 1067 2705 tur.
1120 2687 1171 2690 -—
1220 2662 1393 2716 apios
1442 2660 1613 2704 virides
1660 2661 1731 2703 48.

983 2734 1084 2765 cum
1127 2721 1221 2764 suis
1254 2720 1487 2764 radicibus
1523 2721 1593 2763 65.
1639 2719 1734 2775 apii

981 2780 1228 2831 hortensis,
1275 2780 1592 2836 graveolentis
1635 2780 1731 2822 Lin.

982 2839 1166 2891 bulbos,
1199 2839 1568 2889 selleriewurzcl‚
1603 2839 1735 2884 selle-

984 2897 1239 2954 riekoepfe‚
1283 2899 1357 2942 vel
1401 2899 1574 2954 speciei
1608 2898 1736 2941 ‘itali-

987 2971 1084 3009 cae,
1129 2970 1247 3013 quae
1290 2959 1334 3001 in
1369 2958 1593 3013 Hispania
1626 2957 1736 3000 dici-

1535 3047 1560 3091 7
