2098 3470
687 316 784 360 Lib.
809 317 887 360 VI.
951 317 1191 372 Tropetes.
1610 319 1710 371 1:27

237 449 361 506 243,
434 449 696 500 Pullum
749 450 1170 502 lasaratum:
1238 450 1439 518 pullum
1500 452 1713 518 aperies

125 539 156 572 a
197 523 334 588 navi,
377 523 597 588 lavabis,
640 524 851 575 ornabis
893 529 944 576 et
980 524 1033 575 in
1076 541 1301 576 cumana
1335 541 1522 591 pones.
1568 530 1712 578 teres

125 596 292 664 piper,
344 596 642 662 ligisticum,
683 597 827 649 lasar
865 597 1057 662 vivum,
1112 597 1370 649 suffundis
1423 598 1709 664 liquamen.

123 671 244 720 vino
288 675 339 722 et
378 670 663 735 liquamine
703 671 1027 739 temperabis
1081 678 1134 723 et
1171 671 1330 723 mittis
1373 673 1534 741 pulle.
1593 690 1710 726 coc-

121 748 203 794 tus
245 744 286 795 si
327 743 498 810 fuerit,
541 744 728 813 pipere
769 761 1045 814 asparsum
1083 744 1296 798 inferes,

233 818 356 870 244.
416 818 678 869 Pullum
736 823 1129 885 paroptum:
1183 818 1372 871 lasaris
1426 819 1709 888 modicum,

120 890 319 960 piperis
373 891 634 959 scripulos
686 892 775 944 VI.
841 893 944 944 olei
999 893 1353 960 acetabulum,
1407 893 1709 959 liquaminis

119 965 471 1031 acetabulum,
517 965 806 1030 petrosilini
850 965 1130 1019 modicum.

230 1038 351 1090 245.
396 1040 663 1091 Pullum
719 1039 975 1092 elixum
1030 1058 1108 1093 ex
1159 1041 1310 1093 iure
1365 1057 1514 1093 suo:
1567 1046 1708 1096 teres

117 1111 285 1179 piper,
329 1112 592 1179 ciminum,
622 1114 732 1165 timi
763 1114 1046 1181 modicum,
1089 1114 1304 1167 feniculi
1333 1131 1534 1182 semen,
1564 1133 1709 1169 men-

116 1190 239 1252 tam,
281 1192 467 1253 rutam,
510 1188 698 1240 lasaris
739 1189 994 1255 radicem,
1037 1189 1296 1241 suffundis
1326 1194 1551 1256 acetum,
1595 1190 1709 1243 adi-

117 1260 224 1313 cies
268 1261 520 1313 cariotam
563 1268 615 1315 et
652 1267 793 1315 teres
847 1263 1020 1329 melle,
1076 1269 1246 1330 acetO,
1301 1264 1587 1330 liquamine
1642 1282 1710 1318 ex

116 1335 233 1386 oleo
276 1337 616 1405 temperabis
660 1338 861 1403 pullum
903 1337 1270 1404 refrigeratum
1315 1344 1367 1391 et
1406 1338 1565 1391 mittis
1606 1339 1706 1392 sic-

115 1417 305 1475 catum,
349 1427 504 1476 quem
546 1410 816 1480 perfusum
857 1411 1069 1465 inferes

228 1485 349 1536 246.
392 1485 656 1537 Pullum
699 1486 958 1538 elixum
995 1502 1135 1539 cum
1174 1485 1565 1540 cucurbitis
1595 1486 1707 1540 eli-

112 1556 244 1610 xis:
310 1558 423 1611 iure
473 1575 636 1629 supra
687 1559 884 1627 scripto
950 1560 1133 1613 addito
1188 1561 1376 1628 senapi
1430 1561 1707 1631 perfundis

113 1637 165 1684 et
201 1632 413 1685 inferes.

224 1707 342 1759 247.
386 1707 649 1758 Pullum
693 1707 951 1760 elixum
995 1725 1140 1761 cum
1183 1707 1571 1762 colocasiis
1602 1709 1707 1763 eli=

114 1779 245 1833 xis:
288 1798 448 1849 supra
487 1782 683 1850 scripto
723 1781 836 1836 iure
877 1782 1159 1850 perfundis
1203 1788 1254 1836 et
1291 1782 1508 1837 inferes

113 1940 288 1986 sabano
330 1935 476 1988 siccas
518 1943 619 1988 237.
667 1945 764 1988 239.
811 1970 854 1974 —

112 2002 282 2056 piper
314 2009 371 2046 ct
403 2016 568 2046 assas
603 2004 737 2047 codd.

950 1944 1246 2001 παράκοπτον,
1262 1951 1511 1997 exsectum,
1527 1953 1704 1990 castra-

950 2011 1060 2048 tum.
1094 2006 1210 2049 Plin.
1249 2007 1316 2057 10,
1351 2007 1420 2049 50.
1458 2006 1632 2050 Colum.
1661 2008 1704 2058 8,

201 2062 260 2104 ad
294 2063 391 2105 2113.
427 2063 749 2107 laseratum
785 2062 855 2107 ed.

113 2133 179 2174 pr.
231 2121 282 2163 H.
335 2122 484 2177 qualis
524 2128 595 2166 est
626 2122 857 2177 porcellus

111 2180 211 2222 393.
257 2194 340 2234 pro
386 2188 765 2233 rasseratum‚
813 2182 858 2224 in

112 2242 168 2277 θκ
201 2239 376 2282 lacuna.
420 2266 472 2272 ——
517 2254 544 2283 a
587 2242 713 2284 navi
759 2241 855 2284 240.

112 2300 353 2353 aperies
387 2314 442 2344 ex
474 2313 570 2355 par.
600 2300 655 2343 H.
675 2314 758 2355 pro
777 2314 858 2343 as-

112 2371 340 2413 pai-ges.
363 2385 414 2388 —-
450 2359 548 2403 las.
586 2360 860 2403 vivumex

113 2421 142 2466 ρ’
174 2422 221 2459 et
252 2419 350 2460 393.
386 2419 500 2461 Plin.
540 2418 693 2462 Valer.
729 2420 856 2469 215.

113 2488 197 2529 pro
231 2476 404 2527 laser,
438 2479 645 2528 vinum,
689 2491 784 2534 par.
820 2479 857 2521 l.

114 2539 330 2590 tymum
375 2535 430 2579 cf.
467 2538 567 2579 226.
603 2562 656 2567 -
696 2537 859 2593 pullo

115 2606 229 2652 corr.
277 2608 360 2649 pro
408 2595 654 2650 pullum,
702 2602 753 2640 ut
801 2600 862 2639 sit

115 2653 239 2708 quod
274 2654 559 2698 reexinanies
592 2656 859 2699 mortarium

113 2725 252 2766 supra
285 2714 458 2767 pullum
494 2715 594 2757 249.

202 2772 262 2815 ad
281 2773 379 2818 244,
405 2779 720 2829 paroptum
740 2773 860 2829 πάρ-

116 2846 265 2880 οπτον,
298 2838 517 2876 assatum.
553 2834 625 2876 cui
651 2847 744 2876 non
764 2834 862 2888 pla·-

114 2895 188 2934 cet
235 2891 363 2946 legat
412 2904 738 2948 parcopnm
788 2893 861 2937 vel

113 2964 141 3006 p
155 2963 181 2992 a
195 2965 215 2993 r
230 2964 252 2994 c
267 2965 293 2993 o
307 2964 336 3006 p
352 2956 370 2994 t
389 2965 415 2994 n
429 2965 497 3004 m,
540 2958 861 3008 paracoptnm,

951 2067 1050 2114 ⁸233.
1085 2078 1262 2120 capum,
1295 2065 1490 2121 chapon‚
1512 2064 1704 2121 kapaun

956 2126 1052 2170 173.
1088 2125 1160 2168 vel
1195 2130 1561 2180 percoctum.

1039 2183 1100 2227 ad
1133 2183 1233 2226 245.
1298 2184 1404 2239 liq.
1455 2197 1520 2227 ex
1569 2184 1705 2227 oleo

950 2244 1166 2297 γαρελαίῳ.
1204 2269 1254 2274 -
1286 2243 1331 2285 in
1366 2243 1501 2286 codd.
1536 2244 1704 2287 articu-

952 2302 1021 2345 lus
1067 2309 1139 2346 est
1182 2307 1290 2346 ante
1323 2303 1467 2346 verba
1502 2303 1705 2358 „pullum

952 2360 1082 2404 resi-,⁶⁴
1122 2375 1262 2417 ‹luare
1296 2362 1425 2406 locus
1453 2362 1702 2405 lacunosus

951 2421 1153 2464 videtur.
1185 2421 1225 2464 si
1255 2435 1346 2464 non
1376 2427 1461 2473 est,
1496 2422 1702 2477 corrigas

951 2480 1119 2534 pullo
1194 2480 1564 2536 refrigerato
1648 2485 1706 2524 et

952 2539 1187 2582 siccato
1237 2540 1444 2590 mittis,
1493 2554 1533 2596 q.
1582 2553 1624 2595 p.
1675 2540 1703 2583 i.

955 2597 1009 2641 cf.
1046 2599 1144 2641 238.
1181 2599 1280 2642 276.

1043 2657 1104 2700 ad
1137 2657 1236 2700 246.
1271 2657 1332 2701 ad
1351 2673 1453 2703 eum
1471 2672 1602 2702 usum
1630 2672 1704 2703 cu-

955 2717 1163 2760 curbitae
1198 2716 1253 2760 cf.
1292 2717 1360 2760 74.
1385 2719 1485 2761 218.
1520 2719 1702 2762 coloca-

953 2776 1048 2818 siae
1093 2777 1191 2819 218.
1237 2777 1335 2819 247.
1382 2803 1437 2809 —-
1481 2790 1704 2833 senape

954 2835 1091 2880 codd.
1134 2849 1249 2879 corr.
1288 2849 1343 2879 ex
1379 2837 1477 2880 127.
1521 2862 1573 2867 -
1619 2838 1703 2892 pi-

952 2907 1056 2949 per
1104 2894 1302 2939 fundis
1351 2896 1488 2940 codd.
1535 2896 1704 2951 piper

953 2953 1095 3009 perf.
1130 2958 1172 3005 β.
1212 2968 1324 2999 corr.
1364 2969 1419 2999 ex
1452 2956 1551 2999 247.
