2098 3470
373 312 442 364 96
888 311 987 356 Lib.
1020 312 1097 356 IV.
1159 313 1429 357 Pandectes.

373 444 507 496 aridi
546 443 828 510 modicum,
871 444 1116 496 ciminum
1164 449 1215 497 et
1253 445 1352 497 silfi
1392 444 1599 498 frictum
1633 477 1701 483 ——
1735 451 1790 498 ut
1820 449 1958 500 bene

372 523 588 584 teratur,
641 517 898 570 suffundis
950 524 1157 572 acetum
1206 551 1276 556 --
1318 518 1610 584 defrictum,
1665 520 1954 586 liquamen.

372 591 610 645 refundis
642 592 697 644 in
732 593 1036 658 caccabum,
1079 591 1175 645 sed
1210 592 1450 645 colefium
1482 609 1746 646 acronem.
1787 593 1955 646 facies

373 671 429 718 ut
465 665 672 719 ferveat
711 682 870 735 super
907 666 1089 733 ignem
1125 667 1340 719 lentum.

490 740 594 792 180
653 740 968 792 Tisanam
1001 739 1354 792 farricam:
1389 738 1621 792 infundis
1653 739 1807 807 cicer,
1845 741 1955 794 len-

372 813 604 879 ticulam,
646 813 831 881 pisam.
887 813 1119 866 defricas
1158 814 1382 866 tisanam
1426 818 1477 865 et
1518 830 1633 865 cum
1680 814 1956 880 legumini-

373 889 471 941 bus
524 888 709 940 elixas.
761 887 851 940 ubi
895 888 1033 940 bene
1085 887 1329 953 bullierit‚
1386 886 1488 940 olei
1540 887 1667 940 satis
1707 888 1866 939 mittis
1909 893 1960 940 et

374 978 535 1033 super
574 960 764 1015 viridia
802 961 1038 1014 concidis
1071 977 1300 1031 porrum,
1339 960 1690 1028 coriandrum,
1724 966 1952 1028 anetum,

374 1108 659 1164 mectiusque
705 1108 862 1152 reddis
912 1108 1008 1152 186.
1065 1133 1118 1137 -

374 1166 509 1212 silfi
543 1168 677 1212 codd.
713 1172 760 1212 et
794 1167 890 1211 180.
925 1167 1008 1211 sed
1041 1166 1119 1211 sil

375 1228 474 1272 208.
540 1227 666 1283 quod
718 1227 890 1282 passim
937 1226 1120 1271 reduxit

374 1287 508 1331 Hum.
554 1286 611 1331 (16
638 1286 746 1330 ‘silis
778 1286 949 1330 semine
982 1286 1118 1330 inter-

374 1351 576 1402 pretans,
619 1346 680 1389 ad
711 1345 781 1389 35.
818 1344 994 1401 Gargil.
1026 1358 1119 1389 cur.

375 1406 516 1451 boum
548 1419 591 1461 p.
612 1406 680 1448 22.
701 1406 772 1448 23.
808 1430 861 1434 —
895 1409 1120 1448 teratur

377 1478 492 1509 corr.
535 1478 621 1520 pro
663 1468 909 1520 tegatur
942 1468 989 1508 61
1020 1464 1118 1507 208.

375 1524 463 1568 nisi
484 1524 616 1568 malis
648 1538 670 1567 r
683 1537 707 1568 e
720 1537 752 1580 g
763 1536 791 1567 a
804 1528 823 1567 t
836 1538 864 1567 u
878 1537 899 1566 r
930 1523 1121 1566 admini-

375 1588 556 1627 stretur.
617 1593 671 1615 —ss
734 1583 795 1626 ad
856 1582 1120 1626 absolutum

378 1642 656 1697 „suffundis“
684 1641 739 1686 cf.
762 1643 858 1685 181.
878 1642 977 1685 346.
999 1640 1119 1685 forte

379 1702 520 1756 „mel⁴‘
556 1701 821 1745 addendum
853 1714 908 1744 ex
942 1700 1119 1744 208-id

376 1762 494 1805 enim
526 1761 668 1816 vulgo
702 1761 902 1811 additur,
947 1764 997 1803 ut
1029 1772 1121 1803 mc·-

375 1820 464 1864 lius
506 1825 685 1863 teratur
717 1820 817 1863 245.
864 1845 917 1850 —
958 1832 1121 1863 acro-

375 1892 498 1924 nem
531 1880 576 1922 in
608 1877 751 1923 fundo
785 1892 943 1935 pones.
974 1879 1123 1922 conie-

377 1940 417 1982 ci
460 1939 570 1982 olim
617 1951 888 1982 acronem
936 1938 1123 1981 iacies

377 2003 435 2042 et
481 1997 504 2040 f
512 2010 540 2040 a
554 2010 591 2041 6.
640 2002 692 2041 ut
737 1997 799 2041 sit
849 2003 984 2051 „an-tc
1033 1997 1120 2040 tol-

376 2058 470 2101 les“
508 2057 604 2100 181.

465 2116 526 2159 ad
546 2116 642 2159 180.
678 2114 840 2159 eadem
872 2113 968 2159 fere
1002 2128 1123 2158 com-

375 2175 565 2232 positio,
615 2175 698 2219 sed
746 2175 843 2218 sine
892 2174 1123 2225 lemmate,

377 2234 601 2290 repetitur
640 2234 741 2277 209.
790 2234 942 2276 tisana
984 2233 1123 2277 modo

377 2293 726 2337 fundamentum
759 2297 830 2336 est
860 2292 993 2335 huius
1016 2291 1124 2336 edu-

376 2354 426 2396 lii
458 2352 727 2396 recentioris
760 2352 948 2407 eiusque
981 2365 1037 2395 ex
1055 2364 1123 2394 ar-

377 2412 437 2456 tis
469 2412 675 2455 medicae
717 2411 978 2466 praeceptis
1010 2410 1119 2453 nati.

378 2497 433 2503 —-
482 2471 584 2514 tis,
633 2470 926 2515 barricam
987 2469 1122 2512 codd.

378 2529 674 2574 taricham
705 2530 732 2572 i.
768 2542 807 2573 6.
841 2529 1026 2580 salsam,
1059 2529 1124 2571 iu-

378 2590 501 2634 sulse
548 2589 732 2644 scripsit
786 2588 918 2631 Hum.
973 2601 1124 2631 meum

379 2647 660 2693 farricam
703 2652 775 2691 est
816 2647 846 2690 i.
890 2660 934 2702 q.
981 2645 1124 2690 farra-

381 2709 512 2760 ciam‚
545 2721 602 2752 ex
619 2706 739 2751 farre
757 2705 957 2757 triticeo,
991 2705 1124 2749 farris

381 2768 499 2812 enim
532 2766 711 2822 species
750 2765 860 2808 mihi
904 2769 976 2809 est
1007 2765 1124 2808 triti-

382 2840 483 2872 cum
515 2825 871 2870 *alexandrinum
910 2828 958 2868 61
988 2824 1126 2867 inter-

381 2890 541 2943 pretor
588 2886 784 2928 tisanam
838 2883 1006 2938 ἆθήραν
1046 2896 1127 2927 seu

384 2945 520 3002 θήραν
551 2943 703 3003 <Sturz
735 2943 855 2987 Dial.
889 2942 1126 2987 macedon.

1197 2305 1308 2335 rea.
1355 2317 1408 2322 —-
1459 2304 1576 2340 an.‚

1210 1120 1253 1162 p.
1288 1108 1357 1151 91.
1404 1107 1556 1153 Osann
1599 1107 1660 1151 ad
1691 1107 1882 1151 Philem.
1915 1121 1963 1163 p,

1211 1168 1333 1219 291.)
1350 1165 1704 1223 Aegyptiorum,
1724 1179 1841 1223 quae
1857 1167 1959 1222 puls

1211 1225 1408 1270 testibus
1423 1226 1704 1282 Hieronymo
1715 1226 1834 1281 Opp.
1853 1226 1956 1270 coll.

1211 1284 1309 1328 543.
1345 1285 1415 1329 ed.
1445 1284 1576 1328 Mart.
1606 1290 1653 1329 61
1671 1284 1892 1329 Cassiano
1914 1286 1960 1329 in

1211 1344 1380 1388 Collat.
1417 1344 1485 1395 15,
1522 1344 1587 1387 10.
1624 1357 1680 1388 ex
1712 1342 1847 1396 farre,
1891 1358 1960 1389 se-

1212 1403 1411 1448 cundum
1465 1403 1639 1448 Polluc.
1686 1403 1727 1455 6,
1783 1405 1851 1447 62.
1913 1408 1960 1448 et

1211 1462 1410 1520 Hesych.
1459 1462 1504 1505 in
1553 1476 1653 1507 voc.
1702 1476 1759 1507 ex
1801 1463 1957 1507 tritico

1210 1517 1276 1564 fit.
1320 1520 1491 1578 τράγον,
1533 1521 1727 1565 similem
1766 1522 1962 1576 pulticu-

1210 1581 1317 1632 lam,
1351 1594 1406 1624 ex
1439 1580 1572 1637 olyra
1603 1594 1831 1636 generosa
1863 1586 1914 1624 ut
1934 1595 1957 1625 6

1211 1640 1367 1683 tritico
1387 1640 1688 1683 alexandrino
1706 1645 1957 1691 macerato,

1211 1699 1498 1744 decorticato
1547 1704 1594 1743 et
1640 1699 1813 1743 siccato
1862 1695 1963 1744 fieri

1213 1760 1373 1803 dicunt
1421 1758 1677 1813 Geoponici
1723 1760 1766 1804 3.
1813 1759 1854 1801 8.
1910 1784 1963 1788 -—

1212 1818 1354 1862 malui
1387 1818 1495 1861 olim
1526 1817 1829 1872 porricam
1856 1831 1963 1873 por-

1214 1890 1419 1927 raceam‚
1481 1890 1509 1920 a
1570 1890 1710 1932 porro
1775 1877 1961 1920 conciso

1217 1949 1334 1993 quae
1367 1937 1639 1987 nominetur,
1683 1940 1730 1979 et
1772 1936 1964 1990 porri-

1216 1997 1363 2040 ciam
1394 1995 1657 2050 prosiciam‚
1691 2007 1720 2038 a
1735 1995 1964 2049 prosectis

1214 2055 1382 2100 herbis.
1441 2053 1708 2098 defricas
1768 2054 1840 2097 ed.
1897 2067 1963 2109 pr.

1214 2115 1347 2158 Hum.
1383 2118 1429 2156 et
1462 2114 1560 2157 209.
1596 2112 1731 2157 codd.
1761 2113 1964 2156 lavando

1216 2173 1354 2217 fricas
1388 2174 1485 2216 179.
1531 2171 1794 2216 defi-ixas
1828 2171 1962 2215 codd.

1218 2258 1271 2262 —
1316 2244 1494 2287 super
1535 2231 1736 2286 insuper,
1786 2235 1985 2286 praete-⁴

1636 2289 1967 2333 feniculum

1215 2351 1453 2394 mollem
1506 2349 1653 2393 tribus
1703 2349 1965 2392 nominibus

1216 2409 1397 2453 omissis
1430 2409 1531 2452 209.
1563 2409 1609 2451 ni
1641 2408 1841 2452 scribere
1870 2419 1963 2450 ma-

1214 2469 1271 2512 lis
1317 2469 1521 2519 betae,
1579 2468 1811 2511 malvae
1860 2466 1964 2510 col.

1214 2529 1523 2583 interpretans
1543 2527 1775 2571 betacium
1793 2530 1841 2570 et
1857 2525 1968 2569 mal-

1216 2587 1396 2631 vacium
1443 2585 1636 2641 (Arnob.
1665 2586 1708 2637 4,
1749 2586 1816 2628 10.
1865 2596 1968 2628 mea

1218 2646 1355 2691 Olera
1396 2660 1444 2701 p.
1487 2645 1679 2698 50—53)
1723 2644 1969 2699 intellegas

1213 2706 1289 2749 vel
1321 2704 1545 2748 Martialis
1581 2705 1648 2755 13,
1677 2704 1775 2747 101.
1808 2709 1966 2758 proto-

1215 2769 1369 2808 tomos
1410 2763 1646 2813 coliculos,
1689 2763 1891 2806 virentes
1924 2762 1965 2813 5,

1219 2824 1287 2874 78,
1322 2823 1362 2865 7.
1407 2823 1484 2878 qui
1528 2822 1709 2878 generis
1755 2821 1968 2872 oleracei‚

1216 2882 1452 2927 brassicae
1496 2881 1676 2937 (Galen.
1725 2879 1810 2923 fac.
1846 2880 1969 2925 alim.

1220 2943 1261 2994 2,
1295 2941 1384 2996 58.)
1432 2943 1607 2997 primae
1643 2944 1690 2984 et
1734 2940 1969 2997 sequentis
