2098 3470
696 304 794 349 Lib.
830 305 893 348 VI
954 305 1197 361 Tropetes.
1650 305 1753 359 125

163 438 416 505 radicem,
458 437 730 492 suffundes
757 443 985 505 acetum,
1025 438 1227 491 adicies
1255 438 1526 504 cariotam‚
1577 437 1752 490 refun-

166 512 261 565 des
300 513 582 579 liquamen,
624 513 840 580 senapis
879 511 1143 563 modicum
1187 518 1239 563 et
1279 512 1469 578 oleum,
1528 511 1753 565 defricto

163 588 486 653 temperabis
529 592 579 639 et
618 587 694 639 sic
735 586 909 638 mittis,

278 661 400 712 239.
441 661 648 712 Pullum
678 663 957 712 ’anetatum
997 659 1167 711 mellis
1195 658 1422 724 modice,
1464 659 1751 725 liquamine

164 734 502 803 temperabis.
545 735 693 785 levas
732 734 933 800 pullum
975 737 1181 785 coctum
1225 738 1276 784 et
1312 749 1514 784 savano
1553 733 1751 785 mundo

165 807 353 873 siccaS‚
397 823 621 860 caraxas
663 813 714 859 et
751 807 832 858 ius
874 806 1117 859 scissuris
1172 805 1406 858 infundis
1461 812 1518 858 ut
1571 807 1750 860 conbi-

164 881 255 933 bat
296 886 347 934 et
387 898 506 934 cum
548 881 844 933 conbiberit
883 881 1088 933 assabis
1131 885 1183 933 et
1221 896 1316 933 suo
1357 880 1457 933 sibi
1484 881 1596 934 iure
1625 897 1753 949 pen-

167 954 247 1006 nis
289 955 481 1021 tangis.
525 955 713 1022 pipere
755 971 1031 1023 asparsum
1071 954 1284 1007 inferes.

276 1030 398 1081 240.
460 1029 727 1080 Pullum
769 1029 1147 1097 particum:
1200 1029 1401 1097 pullum
1455 1028 1667 1096 aperies
1722 1047 1754 1082 a

164 1102 286 1154 navi
327 1103 470 1156 etin
523 1102 782 1169 quadrato
837 1119 1009 1156 ornas.
1063 1107 1204 1156 teres
1244 1104 1416 1172 piper,
1469 1103 1755 1170 ligisticum

165 1176 308 1229 carei
349 1177 633 1243 modicum,
675 1177 935 1230 suffundis
975 1178 1260 1244 liquamen,
1303 1179 1424 1230 vino
1466 1182 1752 1245 temperas

166 1252 425 1319 conponis
475 1251 530 1304 in
571 1268 797 1304 cumana
849 1252 1049 1320 pullum
1106 1257 1159 1305 ct
1211 1251 1541 1305 condituram
1595 1269 1756 1321 super

166 1397 400 1442 crudum
434 1403 485 1442 ut
517 1398 639 1452 ὠμὸν
681 1399 807 1456 quod
834 1399 911 1444 fri-

163 1458 336 1513 gidum,
379 1465 699 1510 noncoctum,
749 1460 910 1503 rudum

164 1515 263 1560 roh.
316 1517 428 1561 Diez
472 1519 579 1562 Lex.
615 1519 659 1561 in
694 1532 832 1563 rozzo
866 1533 908 1575 p.

163 1575 262 1619 429.
311 1602 361 1606 -ν-
406 1578 600 1621 mittis
643 1578 703 1621 ad
744 1579 910 1634 ignem,

164 1648 222 1679 an
255 1637 299 1679 in
332 1636 506 1691 pullum
540 1650 595 1681 ex
615 1637 733 1681 240?
766 1651 910 1682 aver-

164 1694 235 1739 bis
281 1696 483 1750 „pullum
525 1701 790 1741 anetatum“
836 1711 910 1742 co·

165 1754 290 1798 dices
322 1768 492 1799 novum
525 1756 660 1800 colon
689 1757 914 1812 incipiunt

164 1818 212 1858 et
244 1814 376 1858 Hum.
410 1815 557 1859 edidit
579 1821 636 1860 et
668 1816 752 1860 sic
783 1817 912 1860 mit-

165 1873 247 1917 tis
296 1874 341 1917 in
389 1874 614 1930 pullum
673 1876 912 1919 auctha-

164 1938 292 1976 tum.
327 1933 911 1990 Alitcrpullus.mel·

164 1991 237 2035 lis
270 1997 354 2035 cet.
377 1991 498 2037 forte
515 1995 911 2050 praest-atpullo

162 2051 189 2094 i.
226 2065 266 2106 q.
302 2052 345 2094 in
378 2053 565 2108 pullum.
601 2060 910 2098 anctatum

163 2111 247 2161 ius,
276 2122 410 2155 aneto
429 2112 634 2167 inprimis
661 2113 910 2158 conditum.

163 2170 318 2214 omnia
337 2176 546 2222 conatus,
579 2172 624 2215 in
645 2171 716 2216 his
749 2178 806 2217 et
830 2174 913 2216 sic

163 2229 323 2274 mitis
381 2233 450 2286 (ut
510 2232 627 2284 197.)
684 2232 911 2287 pullum

162 2295 435 2341 arietato,
484 2290 636 2334 locum
687 2291 911 2336 intactum

163 2349 383 2404 relinquo.
430 2350 504 2393 vel
546 2350 727 2406 aliquot
769 2352 912 2396 verba

162 2408 371 2451 eicienda
417 2409 492 2453 vel
538 2410 809 2464 supplenda.
857 2437 908 2442 —

163 2465 336 2509 lavas
381 2468 515 2511 codd.
565 2494 614 2498 --—
655 2482 911 2514 caraxas

163 2526 263 2586 2²3:
298 2551 351 2556 -
386 2527 665 2571 convivat
696 2529 830 2572 codd.
865 2534 912 2573 et.

163 2585 528 2630 conviverit.
555 2612 600 2615 ἡ·
632 2588 831 2642 pinnis
865 2594 912 2632 et

161 2645 373 2699 pennis
407 2645 542 2688 codd.
589 2658 781 2701 quorum
817 2652 910 2691 tres

161 2704 394 2748 omittunt.
430 2705 596 2760 pinnae
627 2711 734 2749 sunt
769 2708 910 2749 maio-

162 2775 233 2807 res
276 2763 428 2807 avium
473 2777 653 2818 pennae
696 2766 910 2820 (Martial.

165 2822 233 2872 14,
266 2823 334 2866 85.
370 2824 439 2866 22.
489 2826 557 2875 13,
591 2824 658 2866 71.
723 2825 908 2870 Aethio.

160 2881 263 2925 Istr.
298 2882 368 2925 36.
413 2882 550 2926 Salm.
585 2883 645 2926 ad
678 2885 909 2940 Lamprid.

162 2940 300 2988 Alex.
334 2941 390 2983 53
422 2955 464 2997 p.
497 2943 607 2986 1022
626 2956 722 3000 seq.
756 2944 906 2988 Burin.

1002 1399 1062 1444 ad
1096 1399 1283 1452 Quintil.
1326 1399 1442 1444 dccl.
1487 1402 1556 1452 13,
1597 1400 1658 1454 4.)
1703 1407 1752 1446 et

1001 1473 1084 1515 per
1125 1459 1448 1516 synecdochen
1487 1460 1751 1515 pinnicillus

1001 1519 1108 1563 inde
1140 1517 1306 1570 factus,
1340 1520 1417 1574 qui
1452 1520 1594 1576 vulgo
1626 1522 1754 1576 peni-

1002 1578 1133 1622 cillus
1166 1585 1213 1622 et
1244 1579 1483 1634 peniculus
1507 1579 1693 1632 dicitur,
1726 1594 1755 1624 a

1000 1651 1118 1693 pene
1150 1638 1315 1693 piloso.
1351 1644 1547 1694 utraque
1582 1653 1675 1684 vox
1707 1641 1754 1683 in

1002 1710 1086 1741 usu
1119 1702 1234 1749 erat,
1267 1697 1376 1741 Var.
1412 1700 1535 1742 Lect.
1570 1699 1752 1743 Pallad.

1003 1758 1046 1808 4,
1094 1759 1131 1807 1,
1174 1759 1214 1800 3.
1260 1782 1313 1788 -
1358 1758 1568 1814 tongis
1617 1759 1755 1803 codd.

1004 1816 1207 1871 perdis
1239 1829 1337 1872 par.
1360 1819 1681 1874 pertangis
1700 1819 1753 1862 H.

1093 1876 1153 1919 ad
1186 1877 1283 1919 ⁴240.
1329 1877 1583 1932 partium
1617 1877 1753 1922 codd.

1004 1940 1051 1979 et
1084 1935 1154 1979 ed.
1190 1935 1374 1980 mediol.
1410 1937 1563 1981 sedin
1588 1943 1757 1982 veneta

1003 1995 1363 2049 parthicum.
1428 2009 1531 2040 eum
1576 1997 1755 2052 pullum

1004 2068 1105 2097 cum
1138 2055 1326 2098 numido
1345 2055 1446 2099 242.
1481 2069 1756 2112 comparans

1003 2114 1236 2169 singulare
1249 2127 1395 2170 genus
1408 2116 1754 2171 intellegebam,

1003 2174 1244 2227 parvulum
1265 2174 1556 2230 pedibusque
1583 2188 1756 2230 penna-

1003 2232 1077 2283 tis,
1111 2233 1185 2276 vel
1218 2234 1392 2289 gallum
1429 2235 1651 2278 turcicum
1679 2234 1755 2278 vel

1002 2293 1315 2347 pumilionem,
1330 2293 1622 2350 zwerghahn,
1636 2294 1753 2337 Plin.

1006 2352 1074 2402 10,
1110 2352 1205 2395 156.
1241 2357 1289 2396 et
1321 2366 1427 2396 eum
1460 2353 1664 2397 eiusdem
1701 2354 1757 2397 10

1006 2411 1102 2454 140.
1137 2411 1241 2456 loco
1277 2411 1334 2455 de
1366 2412 1644 2457 Parthorum
1679 2426 1755 2457 co-

1003 2483 1195 2525 quorum
1229 2469 1428 2516 artificio
1463 2473 1665 2527 quodam
1689 2473 1755 2516 in—

1002 2530 1295 2585 terpretabar
1337 2544 1436 2574 cum
1471 2531 1753 2576 Schneidero

1002 2588 1063 2631 ad
1097 2589 1271 2633 Colum.
1306 2591 1349 2641 8,
1385 2591 1423 2635 7.
1462 2591 1499 2633 ].
1548 2591 1755 2644 „scilicet

1001 2648 1132 2691 navis
1174 2649 1343 2692 dicitur
1396 2654 1546 2694 totum
1590 2655 1754 2706 pectus

1004 2708 1130 2762 quod
1164 2708 1451 2760 discinditur,
1485 2715 1537 2753 ut
1568 2710 1668 2753 avis
1686 2723 1755 2755 re-

1003 2768 1218 2822 supinata
1261 2773 1308 2812 et
1340 2771 1384 2811 iu
1420 2769 1603 2813 dorsum
1639 2769 1754 2813 divi-

1001 2839 1101 2870 sum
1151 2826 1307 2871 clunes
1350 2834 1607 2885 pectusque
1649 2843 1755 2873 con-

1000 2887 1119 2930 vivis
1152 2887 1374 2931 ostendat
1417 2894 1465 2931 et
1497 2893 1648 2933 totum
1680 2903 1748 2934 re-

1000 2945 1490 3004 positoriumoccupet
1509 2947 1752 2995 dilatata“.
