2098 3470
328 320 397 377 12
999 324 1250 373 Praefatio,

323 458 657 528 praescripto
698 477 805 514 non
845 461 1010 515 audet
1050 461 1251 529 egredi.
1291 468 1560 531 postremo
1601 464 1744 519 scias
1785 465 1918 520 infe-

324 551 441 606 licis
492 569 610 606 esse
662 552 861 620 ingenii
914 552 1042 605 nihil
1082 571 1114 606 a
1153 570 1212 607 se
1251 569 1514 622 promere,
1555 570 1769 623 semper
1807 555 1920 608 imi-

324 640 439 695 tari.
484 658 620 708 quae
659 642 878 696 stultitia
919 648 1076 710 esset,
1120 659 1238 697 cum
1278 647 1385 695 tam
1425 643 1573 696 varia
1613 645 1717 696 sint
1754 644 1919 697 homi-

323 747 448 784 num
485 731 720 799 ingenia,
762 737 869 785 tam
910 732 1229 800 multiplices
1258 738 1496 799 naturae,
1537 736 1644 785 tam
1675 732 1920 788 diversae

323 819 460 874 inter
512 837 570 874 se
621 821 940 889 voluntates,
993 838 1085 875 eas
1124 822 1263 875 velle
1313 822 1464 874 unius
1513 822 1716 889 ingenii
1755 839 1920 891 angu-

325 909 437 963 stiis
489 909 750 978 adstringi
794 916 845 965 et
883 916 1137 978 tanquam
1177 910 1488 979 praefiniri?
1547 911 1722 965 scribo
1778 911 1921 980 quod

324 999 725 1067 senti0‚·sentio
768 1000 910 1070 quod
949 1000 1140 1068 scrib0,
1183 1000 1473 1054 concordat
1521 1002 1759 1054 calamus
1802 1018 1920 1055 cum

326 1089 505 1158 corde,
562 1089 747 1158 lingua
800 1107 916 1143 cum
958 1091 1150 1143 animo.
1210 1090 1286 1143 sic
1326 1089 1461 1143 haec
1502 1089 1573 1142 ad
1613 1090 1692 1143 Te
1732 1090 1922 1162 scripsi

323 1182 433 1231 tum
472 1179 698 1233 ultuario
751 1179 871 1233 stilo
926 1196 991 1233 ac
1031 1179 1307 1232 licentiore
1350 1179 1593 1246 epistola.
1639 1180 1921 1233 excusabis

323 1267 528 1336 ingenii
567 1273 767 1322 motum
807 1285 963 1336 quem
1005 1268 1250 1321 celeritas
1291 1272 1554 1321 maturare
1595 1285 1701 1321 non
1734 1269 1919 1337 potuit,

323 1358 486 1410 malui
525 1363 706 1412 tamen
746 1358 882 1411 haec
917 1373 1267 1426 quaecunque
1303 1362 1481 1410 essent
1515 1358 1583 1410 ad
1609 1359 1687 1412 Te
1714 1359 1921 1412 mittere

325 1463 484 1513 quam
525 1447 719 1501 diutius
760 1465 793 1500 a
833 1464 918 1500 me
959 1446 1186 1500 officium
1215 1445 1523 1500 desiderari.
1568 1447 1921 1516 colophonem

323 1535 521 1589 addam
573 1537 824 1604 nondum,
878 1534 1118 1605 quamvis
1173 1539 1326 1602 grata
1380 1535 1610 1588 brevitas
1661 1541 1712 1590 et
1750 1537 1921 1590 Tuum

323 1624 443 1678 Tibi
482 1642 692 1678 narrem
733 1625 1009 1679 somnium.
1053 1625 1120 1677 ab
1162 1623 1427 1690 unguibus
1466 1624 1845 1696 incipiendum.

436 1714 594 1769 Creta
646 1715 827 1767 notavi
872 1714 1018 1767 illum
1060 1714 1201 1768 diem
1243 1718 1294 1767 et
1335 1713 1529 1768 unione
1569 1715 1776 1782 signavi
1817 1732 1918 1783 quo

321 1805 401 1859 Te
442 1805 612 1858 virum
650 1804 790 1872 frugi
832 1804 1062 1872 cognovi
1105 1809 1158 1858 et
1195 1804 1508 1858 immensam
1552 1821 1682 1872 erga
1721 1805 1918 1858 studio-

326 1911 415 1947 sos
450 1910 689 1961 quosque
723 1894 895 1946 Tuam
927 1894 1311 1962 benignitatem
1341 1910 1477 1961 quae
1505 1911 1598 1947 eos
1626 1899 1918 1962 permovet,

321 1983 484 2051 fovet,
538 1988 715 2037 tuetur
762 1988 1102 2051 perspectam
1142 1983 1318 2037 habui.
1372 1984 1427 2035 in
1467 1983 1707 2035 noctibus
1748 1983 1919 2037 atticis

324 2072 648 2126 eruditorum
687 2073 919 2126 virorum
961 2072 1296 2126 coenantium
1330 2072 1418 2140 qui
1447 2070 1919 2143 deipnosophistae

323 2162 547 2216 audiunt
584 2179 760 2216 mores
801 2162 970 2216 secuti
1009 2166 1226 2230 praeter
1265 2161 1405 2215 seria
1442 2161 1590 2215 iocos
1617 2162 1807 2215 multas
1835 2178 1918 2215 su-

319 2269 420 2320 per
459 2252 835 2306 diversissimis
876 2251 1202 2319 argumentis
1244 2251 1629 2319 disputationes
1667 2250 1722 2302 in
1748 2250 1919 2317 iisque

322 2358 430 2393 non
465 2358 668 2410 paucas
699 2340 983 2395 occasione
1014 2345 1172 2411 capta
1206 2358 1238 2393 a
1278 2339 1437 2393 variis
1470 2339 1666 2410 patinis
1694 2339 1918 2394 subinde

275 2460 279 2462 -
319 2429 480 2483 illatis
532 2430 830 2497 habuimus,
887 2429 1229 2483 disseruimus
1281 2434 1392 2481 tum
1445 2429 1513 2482 de
1560 2429 1918 2483 instrumentis

324 2519 702 2587 coquinatoriis
745 2524 797 2572 et
838 2519 1074 2586 escariis,
1114 2523 1222 2570 turn
1263 2517 1331 2571 de
1370 2517 1570 2571 iuribus
1625 2522 1676 2571 et
1713 2519 1916 2586 impen-

321 2609 411 2676 sis,
463 2613 574 2662 tum
616 2609 684 2663 de
723 2608 903 2663 indice
945 2609 1183 2662 ciborum
1223 2625 1433 2675 quoque
1476 2607 1660 2660 ordine
1701 2608 1804 2660 sint
1841 2608 1916 2659 in-

321 2698 414 2752 lati
468 2715 640 2767 quave
692 2698 896 2751 ratione
950 2697 1192 2751 dulcibus
1246 2697 1377 2750 cibis
1428 2713 1579 2749 acres
1625 2700 1917 2763 acutosque

320 2786 629 2840 miscuerint
665 2791 723 2839 ut
762 2788 981 2841 obtusus
1019 2787 1123 2839 illis
1172 2791 1224 2839 et
1264 2786 1455 2839 oblitus
1495 2784 1796 2838 stomachus
1833 2784 1916 2838 his

322 2876 642 2929 excitaretur
695 2881 929 2944 quotque
982 2876 1330 2929 instrumenta
1373 2875 1532 2942 gulae
1571 2875 1659 2927 vel
1697 2873 1914 2941 ingenio

322 2965 560 3038 cogitata
599 2967 702 3021 sint
739 2966 827 3021 vel
866 2965 1041 3023 studio
1083 2964 1347 3037 confecta,
1389 2964 1600 3019 omnino
1642 2963 1710 3017 de
1746 2963 1914 3034 hedy-
