2098 3470
717 334 817 382 Lib.
836 334 959 382 VIII.
1006 335 1250 394 Tetrapus.

1657 333 1763 390 185

283 473 408 527 402.
462 473 800 541 Leporem
843 470 1243 525 esiciatum:
1299 467 1489 522 eadem
1543 472 1763 523 coctura

172 547 392 601 condies
430 547 665 617 pulpam,
706 546 928 599 nucleos
966 542 1171 597 infusos
1209 543 1494 610 admisces,
1548 547 1761 597 omento

170 625 325 689 teges
363 622 451 674 vel
491 625 638 675 carta
678 620 903 687 colliges
941 617 1237 671 laminas
1279 622 1332 670 et
1369 617 1594 673 surcula.

280 696 406 749 403.

480 695 816 763 leporem
874 692 1227 746 farsilem:

1288 691 1528 763 leporem
1587 706 1760 758 curas,

171 786 345 836 ornaS‚
370 768 718 836 quadratum
703 767 929 837 lnponis
961 765 1201 820 adicies
1186 783 1241 817 m
1261 765 1567 819 mortarium
1588 765 1761 850 piper,

169 843 471 910 ligisticum,
503 842 799 910 origanum,
830 840 1105 897 suffundes
1133 840 1416 907 liquamen
1445 839 1649 893 adicies
1687 838 1762 892 io-

170 916 351 971 cinera
402 917 719 985 gallinarum
773 919 942 982 cocta,
996 914 1264 968 cerebella
1316 919 1490 982 cocta,
1541 913 1762 983 pulpam

170 991 455 1057 concisam,
521 1007 624 1043 ova
676 989 842 1044 cruda
892 988 1010 1058 tria,
1073 987 1360 1057 liquamine
1421 986 1761 1057 temperabis

174 1140 243 1189 13,
276 1139 346 1182 27.
391 1138 530 1183 hodie
573 1138 712 1183 etiam
743 1137 805 1182 ad
836 1149 921 1181 nos

167 1198 323 1243 afferri
355 1193 470 1243 ficus
497 1198 543 1242 in
561 1209 738 1242 massas
758 1202 805 1242 et
821 1196 923 1253 glo-

158 1259 255 1315 bos
287 1258 501 1302 conditas
535 1262 583 1302 et
614 1257 660 1301 in
684 1255 922 1313 sportellis

168 1317 342 1362 iunceis
388 1321 550 1362 notum
598 1322 682 1361 est.
747 1314 922 1360 caricas

167 1390 352 1432 pressas
374 1376 519 1422 habes
537 1376 582 1420 in
600 1375 748 1419 Edict
768 1374 919 1419 Diocl.

169 1437 210 1487 6,
243 1436 313 1481 85.
349 1436 525 1493 φύραμα
557 1433 686 1491 ξηρὸν
705 1447 778 1490 ap.
798 1434 921 1478 Mne—

168 1495 420 1540 simachum
451 1494 747 1544 Athenaei9,
767 1494 836 1537 67.
858 1493 919 1539 ab

168 1568 224 1600 ea
240 1567 394 1600 massa
410 1555 648 1612 pinguium
667 1553 919 1598 caricarum

167 1614 364 1671 globata
380 1614 442 1660 ad
467 1613 772 1660 condiendum
791 1612 920 1667 lepo-

167 1687 263 1718 rem
305 1674 529 1729 adspersa
569 1673 670 1728 ipse
717 1670 919 1716 fortasse

167 1747 334 1778 nomen
367 1733 523 1784 traxit,
557 1732 683 1802 quod
715 1743 825 1775 vero
858 1730 917 1774 si-

169 1792 319 1837 milius
351 1767 545 1837 habebit
577 1791 653 1848 qui
677 1803 833 1835 secum
851 1803 919 1834 re-

169 1852 404 1908 putaverit
429 1847 544 1897 ficus
571 1850 803 1908 passarias
826 1849 921 1894 R--o

168 1924 269 1956 mae
299 1911 449 1956 dictas
474 1923 592 1968 quae
611 1907 922 1954 callistruthia

168 1971 293 2027 apud
327 1971 532 2016 Graecos
576 1968 841 2025 Capitolino
874 1968 921 2011 in

167 2030 326 2075 Albin.
363 2031 430 2073 11.
475 2034 598 2075 teste
642 2034 690 2073 et
721 2027 922 2084 passari-

168 2103 275 2134 num
321 2090 565 2145 prandium
612 2087 922 2143 Pomponium

170 2161 241 2205 ap.
276 2149 392 2193 Non.
425 2162 469 2205 p.
493 2149 560 2192 77.
586 2160 629 2192 a.
653 2147 805 2191 dicere
839 2146 923 2202 (sic

168 2208 264 2253 scil.
299 2208 453 2253 scribo
472 2221 556 2264 pro
579 2206 918 2263 „passerinum“

169 2271 216 2312 et
248 2267 379 2312 rideo
412 2267 637 2312 Italorum
680 2277 920 2322 passerum

170 2326 352 2380 cibum).
389 2327 462 2371 cui
494 2331 545 2371 ut
577 2326 717 2371 etiam
733 2324 823 2368 hoc
840 2323 922 2367 ad-

170 2385 276 2430 dam
308 2399 401 2430 non
427 2386 474 2429 in
502 2389 703 2430 mentem
730 2383 923 2428 veniunt

171 2457 287 2489 uvae
328 2457 494 2501 passae
541 2457 659 2501 quae
704 2448 811 2488 sunt
846 2456 922 2487 ex-

169 2516 342 2560 pansae
385 2516 413 2547 a
458 2503 602 2548 verbo
645 2502 837 2559 pando?
884 2501 924 2545 si

169 2563 312 2620 igitur
354 2563 592 2619 scripseris
636 2562 752 2617 lep.
788 2573 924 2617 pas-

170 2622 447 2673 sarinum,
480 2635 571 2666 non
595 2620 844 2665 admodum
868 2620 924 2663 ri-

171 2681 368 2726 deberis.
402 2681 470 2726 sic
502 2685 611 2726 ante
627 2693 803 2736 paucos
824 2679 926 2723 dics

169 2739 429 2785 hariolatus
462 2754 576 2784 sum.
613 2753 734 2784 nunc
755 2738 928 2795 simpli-

172 2799 290 2844 citer
330 2813 415 2856 pro
456 2800 634 2843 salem
679 2810 928 2842 massam

177 2858 290 2914 lego
323 2858 474 2903 salis
497 2871 562 2902 m.
583 2863 636 2903 ut
653 2858 793 2902 etiam
809 2857 926 2902 Plin.

175 2918 249 2968 31,
285 2918 353 2961 78.
387 2917 606 2973 loquitur.
651 2943 706 2950 —
751 2930 929 2962 oeno-

176 2989 322 3035 garo
355 2976 458 3030 hoc,
486 2975 605 3021 infra
621 2976 808 3033 scripto.
843 2989 930 3023 oe-

1014 1148 1242 1193 nogara
1272 1135 1317 1180 in
1342 1136 1559 1193 quinque,
1593 1148 1763 1181 oeno-

1012 1196 1145 1253 gari
1178 1195 1248 1240 ed.
1282 1209 1349 1252 pr.
1386 1220 1438 1226 -—
1482 1200 1541 1241 et
1571 1195 1672 1254 liq.
1708 1220 1763 1227 -

1013 1255 1248 1300 adicies
1281 1268 1370 1300 om.
1394 1254 1466 1300 ed.
1498 1268 1565 1311 pr.
1590 1280 1646 1288 --
1667 1267 1763 1300 ma.-

1013 1315 1092 1359 lim
1139 1314 1244 1371 lep.
1291 1315 1551 1359 inassum
1598 1314 1765 1360 leviter

1013 1379 1234 1426 assatum,
1281 1374 1342 1418 ad
1384 1373 1621 1419 dimidiam
1661 1386 1763 1419 coc-

1012 1438 1123 1477 tum.
1159 1459 1214 1467 -—
1258 1434 1461 1491 tangis
1492 1434 1763 1490 pertangito

1101 1552 1163 1596 ad
1193 1552 1294 1596 402.
1335 1552 1654 1597 esiciatum
1686 1564 1763 1596 co-

1014 1611 1165 1656 dicum
1198 1616 1271 1656 est
1299 1612 1545 1664 exicatum‚
1579 1611 1717 1657 exsic.
1735 1623 1765 1656 a

1013 1671 1157 1716 verbo
1189 1672 1336 1716 sicare
1367 1671 1394 1714 i.
1416 1683 1457 1727 q.
1477 1684 1635 1717 secare
1661 1670 1761 1715 384.

1013 1731 1260 1787 intellegas
1323 1730 1494 1787 leporis
1557 1730 1762 1787 pulpam,

1014 1802 1196 1834 carnem
1214 1790 1275 1834 ad
1292 1790 1572 1835 vescendum
1589 1795 1764 1847 aptam,

1013 1863 1070 1894 ex
1113 1850 1237 1894 omni
1279 1849 1485 1895 membro
1528 1849 1627 1894 408.
1671 1863 1764 1895 non

1012 1922 1152 1953 unum
1195 1909 1339 1961 iocur,
1383 1922 1477 1961 cor,
1507 1909 1764 1965 pulmones.

1012 1969 1111 2012 373.
1134 1992 1186 1998 -—
1207 1982 1231 2012 e
1245 1969 1315 2013 ad
1329 1982 1353 2013 e
1367 1982 1409 2012 m
1438 1968 1630 2013 dimidia
1645 1968 1728 2013 401
1743 1973 1765 2013 ⁸?

1013 2027 1187 2072 codicis
1229 2031 1260 2079 β
1302 2028 1624 2073 conditura
1665 2028 1764 2084 pla-

1014 2092 1100 2131 cet.
1123 2112 1176 2118 -
1206 2087 1379 2143 leporis
1399 2088 1605 2132 consecti
1620 2087 1766 2144 pulpa

1014 2159 1115 2191 cum
1148 2147 1252 2191 aliis
1284 2147 1421 2191 rebus
1454 2152 1641 2192 omento
1667 2146 1767 2203 tegi

1014 2205 1213 2250 videtur.
1239 2232 1287 2236 -
1327 2212 1496 2251 carta
1528 2205 1765 2263 obliges

1014 2278 1109 2321 par.
1154 2265 1348 2310 linteolo
1392 2266 1600 2321 deligare
1647 2266 1767 2310 dixit

1014 2324 1129 2368 Plin.
1157 2326 1228 2376 20,
1250 2325 1346 2369 184.
1367 2324 1421 2370 cf.
1442 2326 1541 2370 369.
1576 2329 1765 2370 omento

1014 2388 1143 2428 carta
1176 2385 1384 2440 coperies
1418 2389 1466 2429 et
1491 2384 1594 2428 403.
1626 2384 1766 2428 laci-

1013 2443 1146 2487 nias
1180 2444 1393 2488 codicum
1435 2443 1652 2488 mendum
1683 2444 1765 2488 im-

1015 2515 1147 2547 mane
1164 2516 1249 2558 pro
1278 2503 1534 2547 laminas
1555 2516 1766 2559 segmen-

1016 2566 1065 2605 ta
1106 2561 1290 2618 pulpae.
1324 2563 1428 2606 lam.
1477 2562 1766 2618 putridarum

1019 2621 1222 2665 carnium
1254 2634 1311 2666 ex
1342 2621 1478 2667 Alex.
1503 2621 1766 2678 Iatrosoph.

1018 2694 1099 2724 ms.
1135 2680 1213 2725 lib.
1249 2682 1288 2724 2.
1322 2681 1524 2737 passion.
1550 2681 1619 2724 73.
1653 2680 1768 2725 citat

1018 2740 1286 2797 Ducangius
1318 2740 1370 2783 Τ.
1404 2739 1481 2784 IV.
1514 2753 1558 2796 p.
1586 2740 1653 2784 18.
1685 2738 1768 2785 ho-

1020 2799 1095 2843 die
1127 2799 1325 2843 schnitte
1357 2803 1406 2843 et
1435 2797 1640 2845 streifen.

1109 2858 1288 2902 ad403.
1321 2859 1580 2914 imponis
1603 2859 1648 2902 in
1667 2870 1767 2902 cac-

1023 2916 1155 2961 cabo.
1210 2918 1563 2973 quadratum
1611 2921 1767 2962 exten-

1022 2990 1121 3021 sum
1148 2976 1250 3023 401.
1281 2977 1508 3034 quadrata
1526 2977 1658 3036 quasi
1675 2975 1766 3023 for·
