2098 3470
351 299 422 355 92
871 299 972 346 Lib.
1007 300 1084 347 IV.
1129 300 1402 350 Pandectes.

352 434 490 490 ciola
544 434 760 503 minuta,
814 435 1085 490 testiculos
1140 453 1420 505 caponum,
1482 434 1764 503 glandulas
1815 452 1933 504 por-

352 509 591 563 cellinas.
646 509 781 563 haec
832 509 1007 563 omnia
1040 510 1095 563 in
1134 527 1193 564 se
1234 514 1539 577 coquantur.
1586 515 1724 564 teres
1765 510 1933 579 piper,

348 582 652 651 ligisticum,
707 584 1042 637 coriandrum
1081 584 1250 637 viride
1290 584 1377 637 vel
1416 600 1618 650 semen,
1661 583 1934 637 suffundes

348 657 634 724 liquamen,
688 658 892 713 adicies
943 658 1115 711 mellis
1168 657 1437 711 modicum
1487 663 1538 710 et
1587 658 1669 710 ius
1722 657 1789 710 de
1838 674 1933 710 suo

348 731 464 798 sibi,
515 731 640 784 vino
696 736 748 785 et
802 732 958 785 mello
1012 732 1351 800 temperabis,
1405 730 1573 784 facies
1619 735 1676 783 ut
1712 731 1932 784 ferveat.

349 821 465 858 cum
515 805 784 872 fervuerit,
839 810 1062 859 tractam
1104 805 1425 873 confringeS,
1482 805 1705 874 obligas.
1756 804 1935 873 coa-gi-

347 883 446 933 tas.
489 880 643 948 piper
682 880 928 949 aspargis
972 884 1024 933 et
1060 879 1275 933 inferes.

465 954 584 1008 174.
628 954 923 1007 Minutal
960 954 1362 1006 matianum:
1415 952 1616 1006 adicies
1655 952 1709 1005 in
1750 970 1934 1007 cacca-

350 1028 475 1080 bum
528 1028 719 1095 oleum,
774 1027 1058 1095 liquamen,
1121 1033 1337 1081 coctura
1394 1026 1646 1081 concides
1703 1043 1934 1095 porrum,

350 1101 704 1169 coriandrum,
745 1101 898 1156 isicia
936 1102 1152 1168 minuta,
1194 1101 1459 1171 spatulam
1500 1101 1775 1171 porcinam
1817 1117 1934 1153 coc-

347 1180 455 1229 tam
496 1176 809 1230 tessellatim
851 1175 1101 1229 concides
1143 1192 1259 1229 cum
1300 1192 1397 1228 sua
1435 1175 1538 1229 sibi
1577 1174 1804 1241 tergilla.
1858 1173 1934 1226 fa-

350 1249 460 1304 cies
500 1255 557 1303 ut
595 1250 749 1303 simul
803 1255 1112 1319 coquantur.
1163 1249 1343 1303 media
1392 1254 1607 1303 coctura
1647 1249 1788 1301 mala
1827 1265 1934 1300 ma-

347 1323 498 1377 tiana
536 1329 767 1394 purgata
814 1323 1146 1390 intrinschS,
1199 1323 1413 1378 concisa
1459 1322 1770 1375 tessellatim
1822 1322 1936 1374 mit-

347 1402 446 1453 teS.
504 1398 627 1451 dum
664 1398 919 1465 coquitur,
972 1403 1113 1451 teres
1166 1398 1336 1468 piper,
1399 1397 1663 1462 ciminum,
1732 1395 1934 1449 corian-

351 1471 504 1524 drum
556 1472 724 1526 viride
777 1473 865 1526 vel
903 1488 1102 1538 semen,
1157 1476 1406 1538 mentam,
1457 1470 1644 1524 lasaris
1683 1469 1934 1535 radicem,

349 1546 622 1600 suffundes
662 1552 888 1611 acetum,
930 1547 1051 1613 mel,
1092 1546 1379 1613 liquamen,
1423 1544 1703 1598 defrictum
1727 1542 1936 1597 modice

350 1625 402 1673 et
439 1620 520 1673 ius
562 1620 630 1674 de
671 1637 766 1673 suo
808 1619 924 1686 sibi,
978 1624 1168 1673 acceto
1209 1618 1422 1672 modico
1463 1617 1803 1689 temperabis,
1859 1616 1935 1669 fa-

350 1694 461 1747 cies
513 1699 570 1746 ut
621 1695 845 1748 ferveat.
889 1711 1007 1747 cum
1046 1693 1313 1760 fervuerit,
1366 1697 1590 1746 tractam
1632 1690 1936 1759 confringes

355 1772 407 1822 et
447 1786 514 1822 ex
555 1785 620 1821 ea
662 1769 886 1836 obligas.
929 1768 1084 1837 piper
1123 1766 1368 1838 aspargis
1410 1771 1462 1819 et
1499 1765 1713 1820 inferes

1193 1886 1314 1930 unde
1345 1885 1471 1940 prius
1504 1884 1716 1935 advecta,
1762 1881 1936 1927 Athen.

1192 1947 1234 1997 3,
1279 1946 1347 1988 23.
1393 1944 1555 1989 Isidor.
1591 1944 1660 1994 17,
1696 1943 1736 1994 7,
1768 1943 1810 1986 3.
1854 1942 1938 1986 sed

352 1901 445 1932 non
482 1887 690 1939 exemtis,
726 1887 835 1940 „sed
858 1886 979 1931 ferro
999 1899 1102 1930 ean-

351 1947 489 1992 dente
524 1946 784 1991 calcaribus
801 1947 965 1991 inustis
985 1959 1103 2002 quae

350 2020 451 2051 cum
484 2007 624 2062 ignea
656 2007 702 2050 vi
721 2011 963 2050 consumta
980 2010 1101 2057 sunt,

348 2065 476 2110 facta
507 2066 664 2110 ulcera
708 2066 815 2109 dum
859 2078 1103 2109 consanes-

350 2130 470 2177 cant,
503 2123 689 2181 figulari
719 2129 846 2169 creta
870 2125 1099 2169 linuntur⁴⁴

350 2198 468 2241 quae
501 2189 609 2228 sunt
640 2184 785 2228 verba
817 2183 1101 2228 Columellae

348 2245 390 2294 8,
424 2245 464 2295 2,
498 2245 537 2288 3.
574 2257 630 2288 ex
662 2244 794 2287 Varr.
828 2244 870 2294 3,
897 2244 939 2294 9,
962 2244 1002 2286 3.
1038 2242 1094 2286 cf.

348 2308 398 2347 et
428 2303 543 2346 Plin.
563 2303 604 2353 8,
624 2304 692 2346 77.
729 2303 799 2353 10,
817 2302 887 2345 50.
921 2301 1097 2346 Athen.

347 2364 390 2413 9,
422 2363 492 2406 33.
530 2362 691 2407 Galen.
719 2360 805 2404 fac.
835 2361 1037 2406 aliment
1056 2363 1098 2412 3,

350 2422 387 2464 7.
423 2422 492 2464 21
535 2420 802 2465 Beckmann
835 2416 1007 2463 Erfind.
1042 2419 1097 2463 V.

346 2494 390 2535 p.
423 2480 566 2523 47‘2—
573 2480 674 2523 478.
730 2491 860 2522 meae
903 2478 1097 2534 Antiqq.

346 2553 390 2594 p.
425 2539 525 2582 601.
574 2543 671 2583 not
706 2551 735 2581 a
766 2538 957 2581 medicis
994 2550 1099 2593 pas-

345 2598 431 2642 sim
452 2598 848 2648 commendantur,
866 2596 1097 2640 Theodor.

345 2657 489 2700 Prisc.
535 2657 576 2708 2,
609 2657 650 2701 8
691 2655 772 2700 fol
805 2656 913 2699 303.
947 2655 989 2699 b.
1026 2656 1098 2700 ed.

345 2715 457 2765 Ald.
492 2690 655 2760 Medic.
688 2729 756 2770 gr.
791 2715 862 2758 ed.
887 2714 1099 2759 IdelerII

346 2788 392 2830 p.
426 2774 529 2826 257,
563 2775 634 2818 20.
668 2774 769 2825 278,
800 2774 842 2816 7.

435 2833 497 2876 ad
531 2833 629 2876 174.
681 2845 847 2877 nomen
889 2831 1032 2876 habet
1069 2844 1098 2875 a

348 2891 481 2935 malis
538 2892 770 2942 matianis,
829 2904 946 2946 quae
994 2891 1097 2945 ipsa

346 2964 439 2997 non
478 2963 507 2997 a
546 2951 651 2997 1060
697 2951 824 2996 dicta
866 2950 1095 3001 videntur,

1192 2017 1220 2047 a
1261 2004 1307 2048 C.
1349 2004 1492 2047 Matio
1525 2002 1734 2059 Augusti
1774 2001 1937 2053 amico,

1192 2063 1310 2107 Plin.
1349 2063 1414 2114 15,
1439 2062 1508 2106 49.
1544 2063 1623 2105 Ian
1653 2061 1714 2104 ad
1734 2061 1938 2105 Macrob.

1194 2128 1280 2166 sat.
1314 2124 1356 2173 3,
1387 2123 1461 2173 19,
1495 2123 1533 2164 2.
1554 2135 1597 2176 p.
1616 2120 1716 2164 349.
1737 2146 1789 2151 —-
1815 2132 1938 2175 spa-

1195 2182 1380 2225 tulam
1424 2194 1476 2236 p.
1519 2185 1571 2223 ut
1615 2180 1699 2223 175
1747 2183 1797 2223 et
1840 2179 1936 2222 176.

1194 2242 1292 2284 177.
1327 2245 1375 2284 et
1406 2253 1479 2295 ap.
1513 2239 1700 2294 Turpin.
1734 2239 1816 2282 vit.
1854 2237 1937 2281 Ca-

1190 2300 1279 2343 l'Oli
1309 2300 1366 2343 M.
1387 2299 1457 2342 ⁶20.
1491 2297 1719 2349 σπατάλην,
1753 2296 1938 2349 σπάθην,

1189 2359 1360 2414 palam,
1393 2356 1734 2401 schulterblatt.
1769 2355 1938 2400 cf.Du-

1190 2417 1341 2461 fresne
1372 2416 1449 2460 VI.
1499 2430 1542 2470 p.
1591 2417 1692 2466 318,
1739 2427 1767 2458 a
1809 2414 1936 2459 Diez.

1190 2477 1277 2521 lex.
1297 2477 1338 2519 d.
1359 2489 1470 2519 rom.
1490 2489 1580 2530 spr.
1601 2489 1642 2529 p.
1663 2475 1762 2517 326.
1798 2486 1939 2529 quare

1189 2550 1282 2580 non
1315 2539 1386 2579 est
1419 2534 1544 2589 quod
1569 2547 1670 2577 cum
1700 2534 1808 2577 Lex.
1827 2533 1938 2576 For-

1192 2595 1300 2639 cell.·
1349 2593 1632 2649 corrigamus
1691 2591 1938 2646 spathu-

1191 2668 1331 2697 nam.
1376 2677 1431 2682 —-
1475 2650 1844 2695 tessellatim
1891 2655 1939 2693 et

1191 2710 1425 2756 cessell.
1460 2716 1507 2754 et
1539 2713 1680 2754 cest.
1722 2709 1856 2753 codd.
1891 2713 1940 2752 et

1190 2772 1291 2815 175.
1326 2770 1548 2813 176.177.
1580 2793 1632 2798 —-
1667 2769 1940 2811 maziana

1190 2829 1325 2874 codd.
1359 2827 1660 2871 mattiana
1700 2827 1746 2870 in
1783 2826 1935 2870 Edict.

1186 2888 1337 2933 Diocl.
1372 2888 1413 2938 6,
1447 2887 1515 2930 65.
1549 2886 1741 2941 Hispani
1760 2890 1806 2929 et
1827 2886 1939 2929 Por-

1188 2948 1456 3004 tugalenses
1534 2944 1686 3006 adhuc
1768 2948 1939 2989 vocant
