2098 3470
331 282 403 338 20
1002 284 1251 332 Praefatio.

329 417 582 469 auxilium
631 417 747 469 fore
799 418 1079 471 arbitratus
1134 428 1186 471 et
1238 420 1430 472 bonum
1485 419 1673 472 ducem
1722 421 1917 473 bonum

331 505 574 558 comitem
626 505 901 558 facturum.
957 506 1148 558 mutuis
1200 504 1401 573 aliquot
1449 507 1685 576 epistolis
1734 507 1801 561 de
1840 508 1916 560 in-

330 592 595 646 stituenda
633 594 835 646 ratione
878 594 1167 647 communis
1209 594 1387 661 operis
1419 594 1592 647 missis
1622 595 1792 648 exitus
1820 595 1919 648 fuit

329 684 385 732 ut
433 696 557 733 suas
610 682 920 735 collationes
964 698 1172 735 mecum
1225 682 1637 736 communicaret
1682 700 1846 752 seque
1886 702 1919 736 a

329 785 455 821 cura
493 769 741 840 apiciana
762 775 1072 824 removeret.
1117 775 1236 823 sunt
1273 770 1397 823 illae
1439 770 1639 824 codicis
1684 772 1919 825 vaticani

332 858 473 910 1146
526 855 686 929 (sigla
735 858 846 912 eius
899 864 980 912 est
1028 858 1088 929 β)
1144 858 1483 912 vetustissimi
1537 859 1657 914 circ.
1699 877 1806 914 sec.
1846 861 1915 914 X.

329 946 476 999 cuius
515 946 690 999 varias
729 946 986 1000 lectiones
1017 947 1134 1015 jam
1174 946 1377 1000 Gudius
1419 946 1510 1019 (cf.
1538 948 1746 1002 Fabric.
1780 948 1913 1003 Bibl.

326 1035 442 1087 Lat.
485 1035 546 1088 T.
582 1035 624 1087 Ι.
665 1051 716 1102 p.
753 1035 877 1089 502.
917 1040 1025 1088 not.
1068 1034 1146 1106 d.)
1199 1035 1268 1087 ad
1321 1035 1616 1103 marginem
1669 1036 1916 1090 editionis

326 1122 540 1176 minime
593 1123 981 1191 exspectationi
1032 1122 1406 1191 respondentis
1458 1123 1782 1178 Torinianae
1823 1141 1916 1193 ap-

327 1211 575 1282 pinxerat
607 1212 733 1265 anni
772 1212 926 1265 1551.
966 1228 1058 1266 eas
1089 1211 1202 1266 fere
1227 1211 1440 1265 inutiles
1466 1229 1498 1264 a
1524 1212 1769 1266 Fabricio
1800 1229 1919 1266 cum

326 1300 725 1355 Almeloveenio
762 1300 850 1369 qui
885 1300 1172 1354 editionem
1197 1301 1346 1353 illam
1381 1301 1918 1355 amstelodamensem

328 1407 413 1443 an.
456 1389 749 1443 MDOOIX.
793 1389 996 1443 curavit
1045 1390 1287 1443 absoluto
1327 1389 1433 1442 iam
1474 1406 1635 1457 opere
1686 1406 1914 1443 commu-

326 1479 532 1532 nicatas
582 1483 705 1547 post
753 1495 879 1550 pag.
916 1480 1039 1532 277.
1093 1478 1261 1532 habes
1310 1477 1542 1548 indeque
1593 1494 1810 1536 recusas
1861 1479 1916 1532 in

326 1567 727 1622 bernholdiana.
771 1572 995 1637 suntque
1044 1568 1171 1621 item
1210 1567 1441 1620 vaticani
1484 1567 1624 1620 1145
1673 1567 1726 1638 (y
1764 1567 1915 1639 mihi)

329 1673 434 1711 sec.
477 1658 620 1710 XIV.
662 1656 833 1709 minus
869 1657 994 1710 boni
1030 1662 1081 1710 et
1108 1656 1328 1725 parisini
1363 1657 1505 1709 6167
1530 1656 1597 1728 (π
1623 1656 1791 1727 mihi).
1826 1674 1916 1709 va-

327 1746 536 1799 ticanos
577 1762 780 1798 summa
820 1762 937 1798 cum
979 1762 1103 1799 cura
1143 1745 1362 1799 contulit
1400 1746 1459 1798 E.
1501 1747 1695 1812 Braun‚
1738 1746 1916 1798 Dueb-

329 1850 425 1887 ner
463 1835 770 1903 parisinum.
810 1834 855 1887 is
895 1834 949 1886 in
987 1834 1162 1887 multis
1202 1833 1452 1887 abhorret
1491 1835 1558 1887 ab
1598 1833 1718 1901 illis,
1771 1832 1918 1887 vide-

329 1927 412 1975 tur
452 1923 585 1976 alius
624 1923 858 1976 familiae
899 1923 1047 1976 cuius
1086 1923 1336 1991 princeps
1385 1922 1628 1975 librarius
1680 1923 1768 1975 vel
1809 1938 1919 1975 cor·

329 2016 485 2079 rupta
522 2012 609 2064 vel
647 2029 754 2064 non
792 2012 920 2065 satis
953 2013 1223 2065 intellecta
1250 2028 1347 2064 sua
1374 2011 1686 2064 auctoritate
1715 2016 1766 2064 et
1795 2027 1918 2063 con-

332 2099 449 2152 silio
490 2100 743 2153 abolebat
784 2105 835 2153 et
876 2100 1194 2168 corrigebat.
1237 2101 1505 2166 lemmata,
1545 2099 1921 2167 inscriptiones

333 2188 670 2257 capitulaque
713 2188 902 2241 omittit
938 2188 1099 2256 idque
1139 2190 1343 2255 meritO,
1384 2206 1507 2241 nam
1541 2193 1661 2241 sunt
1683 2187 1920 2247 librario-

331 2293 446 2328 rum
484 2281 643 2346 atque
695 2293 802 2329 non
840 2278 1144 2331 necessario
1185 2279 1374 2331 librum
1414 2282 1628 2344 augent.
1684 2276 1828 2329 socio
1868 2276 1922 2327 in

334 2381 499 2434 opere
538 2364 788 2418 faciendo
827 2370 1032 2419 mortuo
1068 2365 1283 2419 deserta
1318 2382 1480 2420 causa
1511 2365 1631 2431 vici,
1676 2369 1790 2417 erat
1822 2364 1920 2417 sci-

330 2455 458 2508 licet
497 2471 604 2507 non
642 2471 762 2507 raro
803 2459 1022 2522 patruus
1062 2455 1191 2507 mihi
1230 2461 1282 2508 et
1319 2455 1503 2522 lingua
1541 2453 1793 2507 bellabat.
1844 2457 1920 2505 at-

334 2560 435 2611 que
474 2543 600 2610 iugo
643 2560 868 2596 excusso
910 2560 1068 2612 quam
1115 2548 1350 2612 spartam
1388 2559 1521 2595 unus
1560 2547 1747 2595 nactus
1785 2541 1922 2594 hanc

335 2632 519 2697 ornavi
573 2637 625 2685 et
675 2633 751 2685 sic
791 2632 880 2684 uni
919 2632 1045 2684 mihi
1082 2630 1432 2684 fundamenta
1469 2630 1734 2697 facienda,
1786 2646 1921 2683 sum-

333 2738 476 2773 mum
513 2720 785 2788 fastigium
822 2720 1200 2792 imponendum
1241 2724 1294 2773 et
1331 2736 1579 2787 suprema
1611 2735 1799 2770 manus
1829 2717 1922 2771 ad-

275 2870 278 2872 ,
336 2802 531 2863 denda.v
573 2809 661 2877 qui
700 2809 870 2877 primo
912 2810 1126 2862 summis
1165 2808 1392 2880 pedibus
1430 2803 1787 2875 ingrediebar,
1830 2805 1922 2859 ho-

334 2915 449 2951 rum
489 2897 730 2952 codicum
772 2903 824 2952 et
864 2897 1111 2951 editionis
1144 2896 1400 2966 principis
1428 2913 1530 2968 ope
1557 2895 1755 2964 leporis
1783 2895 1923 2949 vitae
