2098 3470
689 270 790 316 Lib.
822 234 900 316 IV.
964 268 1236 317 Pandectes.
1692 270 1758 325 87

290 405 404 458 158.
454 404 717 458 Sardas
753 405 851 458 sic
885 403 1141 458 facies:
1184 409 1323 459 teres
1352 403 1520 476 piper,
1549 403 1764 473 ligistici

172 496 371 546 semen,
415 479 709 546 origanum,
753 496 941 547 cepam
978 478 1191 545 siccam,
1236 495 1453 532 ovorum
1493 484 1763 534 coctorum

171 553 368 620 vitella,
410 558 637 621 acetum,
694 553 882 607 oleum.
937 551 1071 606 haec
1110 553 1164 605 in
1202 569 1363 606 unum
1402 558 1671 624 temperas
1712 558 1765 609 et

169 627 476 696 perfundes

228 741 232 745 -
290 703 408 755 159.
450 702 585 754 Item
623 701 863 769 pisces
902 702 965 753 in
1006 700 1367 767 eleogaro:
1411 719 1444 754 a
1472 700 1634 755 crudo
1658 702 1763 770 pis-

173 794 263 830 ces
305 792 435 844 quos
474 774 708 828 volueris
747 776 914 842 lavas,
970 773 1228 843 conponis
1266 774 1320 826 in
1359 775 1556 843 patina,
1605 776 1765 829 mittis

173 852 364 918 oleum,
406 850 692 917 liquamen,
734 849 929 915 vinum,
970 848 1256 902 fasciculos
1296 849 1441 917 porri
1477 854 1529 902 et
1562 851 1764 904 corian-

173 925 269 978 dri.
327 924 582 991 coquitur.
639 928 779 977 teres
831 923 1001 991 piper,
1052 922 1345 990 origanum,
1386 922 1674 991 ligisticum
1716 929 1768 978 et

173 998 456 1053 fasciculos
485 1014 616 1064 quos
648 997 857 1050 elixasti
895 1005 1039 1051 teres
1082 1001 1133 1050 ct
1171 996 1447 1051 suffundes
1485 997 1766 1066 inpensam

174 1072 242 1126 de
284 1072 481 1144 patina.
524 1071 658 1125 facis
698 1077 754 1124 ut
794 1071 1009 1139 obliget.
1062 1088 1179 1125 cum
1219 1071 1357 1125 bene
1398 1072 1641 1140 tenuerit,
1689 1072 1766 1142 pi-

173 1164 302 1216 pere
343 1162 564 1216 asparso
605 1144 821 1200 inferes

289 1223 408 1274 160.
450 1220 704 1273 Mullos
745 1224 1087 1274 anecatos
1128 1218 1205 1272 sic
1233 1218 1431 1272 facies:
1474 1219 1634 1274 rades
1660 1220 1766 1289 pis-

179 1312 286 1362 ceS‚
326 1294 548 1360 lavabiS‚
589 1293 642 1346 in
682 1294 867 1362 patina
908 1310 1196 1362 conpones,
1239 1292 1442 1347 adicies
1479 1294 1670 1362 oleum,
1710 1294 1767 1347 li-

176 1387 422 1436 quamen,
464 1368 659 1434 vinum,
711 1367 996 1422 fasciculos
1044 1366 1187 1435 porri
1228 1371 1280 1420 et
1320 1367 1601 1436 coriandri,
1654 1368 1769 1421 mit-

178 1448 258 1496 tes
297 1448 353 1495 ut
394 1447 663 1511 coquatur.
714 1442 914 1495 adicies
954 1442 1110 1510 piper
1147 1441 1202 1493 in
1241 1442 1564 1509 mortarium,
1611 1442 1768 1496 frica-

178 1517 275 1582 bis,
318 1516 519 1570 adicies
561 1516 734 1568 oleum
777 1521 828 1569 et
865 1521 1017 1584 parte
1059 1515 1213 1582 aceti,
1255 1515 1396 1582 vino7
1438 1533 1599 1587 passo
1640 1521 1769 1571 tem-

179 1590 409 1659 perabis
468 1589 683 1642 traicies
742 1590 796 1642 in
856 1589 1161 1655 caccabum,
1222 1589 1378 1658 ponis
1435 1595 1492 1643 ut
1546 1590 1768 1645 ferveat.

174 1665 346 1718 amolo
399 1664 664 1731 obligabis
715 1665 765 1717 et
812 1664 1049 1732 patinam
1088 1663 1313 1732 piscium
1352 1663 1645 1732 perfundis.
1693 1664 1770 1717 in-

176 1755 335 1807 super
373 1738 528 1807 piper
567 1738 828 1806 aspargis

273 1842 334 1885 ad
364 1842 462 1885 158.
498 1845 793 1885 cottorum
826 1841 927 1885 cod.

177 1902 248 1945 sic
292 1905 490 1945 coctana
532 1905 579 1945 et
622 1905 812 1944 cottana
852 1913 929 1944 va-

176 1961 300 2004 riant
332 1961 400 2004 51.

265 2019 327 2063 ad
361 2020 460 2062 159.
519 2019 577 2063 de
611 2019 827 2063 lemmate
869 2018 930 2062 ad

180 2079 277 2123 157.
324 2078 509 2122 crudo
544 2092 717 2123 cruore.
765 2079 930 2133 inpe-

176 2151 240 2182 sa
274 2138 377 2182 cod.
401 2136 600 2182 fortasse
627 2143 699 2182 est
720 2139 776 2181 in
800 2151 829 2192 p
845 2150 928 2181 en-

175 2210 310 2248 sam‚
344 2202 395 2240 ut
427 2201 589 2240 noster
620 2198 736 2242 dicit
756 2198 854 2240 252.
884 2197 928 2239 in

177 2269 387 2312 aequam,
428 2256 489 2299 ad
521 2268 717 2312 aequam
750 2256 818 2299 54.
864 2256 930 2299 sic

177 2328 408 2372 perpensa
443 2327 550 2358 cura
574 2315 619 2358 in
646 2316 757 2360 Cod.
779 2313 929 2358 Theo-

179 2375 278 2419 dos.
326 2387 553 2429 perpensa
592 2374 930 2419 deliberatione

180 2447 253 2488 ap.
288 2433 521 2476 Ammian.
557 2434 627 2484 22,
661 2435 702 2484 9,
737 2435 776 2477 2.
821 2447 930 2488 pen-

178 2492 387 2541 siculate,
406 2492 529 2535 iusto
552 2493 774 2537 examine.
805 2492 931 2548 quod

175 2552 215 2596 si
248 2565 418 2602 verum,
467 2551 534 2595 de
577 2551 818 2607 patella
859 2555 930 2595 est

177 2611 304 2667 quod
335 2611 406 2654 ius
426 2610 482 2654 de
500 2623 584 2655 suo
604 2611 692 2655 sibi
712 2612 806 2654 161.
828 2610 927 2654 147.

175 2695 228 2699 ——
263 2668 556 2714 inferebis
599 2670 699 2714 cod.
748 2696 798 2700 —
842 2673 927 2712 te-

175 2729 371 2773 nuerit
406 2728 503 2772 147.

265 2788 324 2831 ad
360 2788 456 2831 160.
505 2792 791 2831 anetatos
816 2787 925 2834 cod.

178 2850 316 2890 aneto
374 2860 467 2890 non
515 2846 727 2890 adhibito
776 2846 927 2890 locum

181 2917 274 2949 non
315 2904 470 2951 habet.
525 2918 673 2950 meum
717 2918 928 2952 aneca-

1024 1845 1118 1885 tos
1152 1845 1224 1885 est
1255 1840 1531 1886 submersos.
1566 1842 1663 1886 iure
1696 1855 1771 1886 co-

1021 1904 1181 1956 pertos
1233 1900 1329 1943 162.
1379 1901 1529 1956 pisces
1576 1901 1671 1945 scil.
1726 1901 1772 1945 in

1020 1959 1181 2015 patina
1224 1973 1280 2003 ex
1312 1959 1408 2004 iure
1443 1961 1563 2004 cocti
1595 1961 1693 2004 iure
1726 1961 1771 2003 in

1023 2017 1224 2062 caccabo
1259 2023 1395 2063 cocto
1417 2019 1566 2064 altero
1589 2018 1772 2076 perfun=

1022 2078 1203 2122 duntur.
1239 2078 1296 2122 de
1330 2091 1385 2123 eo
1426 2079 1608 2124 mediae
1645 2083 1772 2123 aeta-

1021 2137 1082 2180 tis
1115 2136 1259 2180 verbo
1291 2151 1348 2181 ex
1385 2141 1630 2191 „enecare“
1666 2142 1771 2182 orto

1022 2194 1079 2240 cf.
1128 2196 1352 2252 Ducange
1400 2198 1431 2240 Ι.
1483 2211 1528 2253 p.
1578 2198 1676 2241 252.
1726 2198 1772 2241 in

1021 2267 1239 2311 anegare,
1281 2255 1394 2300 Diez
1435 2256 1524 2301 lex.
1569 2257 1612 2301 d.
1657 2270 1769 2301 rom.

1021 2327 1111 2369 spr.
1153 2328 1196 2369 p.
1243 2315 1340 2358 237.
1385 2315 1432 2359 in
1476 2329 1661 2372 negare.
1715 2341 1770 2348 --

1022 2373 1265 2417 lababis
1312 2374 1369 2417 in
1415 2375 1674 2430 patinam
1724 2389 1769 2419 c.

1024 2432 1127 2476 cod.
1172 2436 1220 2476 et
1260 2433 1403 2477 vinu
1437 2459 1489 2465 —
1535 2435 1591 2477 in
1623 2448 1771 2478 mor·

1023 2491 1181 2534 tario
1231 2489 1367 2536 frec.
1418 2518 1471 2525 —
1516 2493 1772 2537 traicies

1022 2550 1075 2619 in
1109 2550 1278 2594 cabo.
1313 2576 1365 2580 —
1408 2556 1583 2607 parte
1616 2553 1772 2596 aceti

1019 2624 1048 2653 1.
1084 2623 1126 2665 q.
1168 2614 1304 2653 aceto
1348 2611 1531 2655 modico
1567 2611 1663 2654 174.
1714 2609 1770 2655 cf.

1020 2669 1118 2711 297.
1155 2668 1355 2712 conicias
1387 2674 1620 2724 partem
1643 2671 1770 2714 utin·

1020 2728 1273 2783 tellegatur
1307 2728 1496 2775 ὂξέλαιον
1523 2743 1548 2773 e
1566 2743 1657 2785 quo
1677 2729 1770 2774 edi-

1020 2791 1094 2830 tur
1140 2787 1265 2841 apud
1316 2789 1542 2832 medicum
1595 2801 1770 2846 anony-

1019 2859 1141 2890 mum
1174 2846 1343 2891 Ideleri
1374 2846 1557 2906 Physic.
1592 2848 1698 2893 min.
1727 2848 1770 2894 II
