2098 3470
346 312 450 365 100
874 312 971 357 Lib.
1006 311 1083 358 IV.
1128 313 1398 360 Pandectcs.

339 445 562 512 vuerint,
601 450 740 498 teres
780 446 951 516 piper,
990 446 1291 514 ligisticum,
1343 447 1601 500 'suffundis
1640 448 1924 515 liquamen,

339 519 518 572 vinum
559 524 611 572 et
649 536 867 587 passum
906 525 962 572 ut
1001 520 1154 574 dulce
1195 522 1276 588 sit,
1316 521 1397 573 ius
1439 521 1506 574 de
1547 537 1641 574 suo
1683 522 1783 574 sibi
1823 522 1926 574 suf-

340 592 531 645 fundis,
585 610 807 646 revocas
839 594 892 645 in
943 595 1144 648 bulbos,
1202 612 1318 647 cum
1359 595 1664 660 fervuerint,
1706 596 1773 647 ad
1819 613 1925 648 mo-

341 671 573 720 mentum
614 668 788 719 amolo
831 668 1054 734 obligas.

458 741 575 793 183.
631 740 919 794 Gustum
974 741 1054 794 de
1096 741 1478 795 cucurbitis
1517 741 1926 795 farsilibus:

341 815 639 868 cucurbitas
688 832 721 866 a
773 816 939 868 latere
993 816 1251 869 subtiliter
1301 815 1371 868 ad
1419 815 1634 868 modum
1674 817 1925 870 tessellae

341 889 606 955 oblongae
647 887 868 941 decidas
911 895 963 941 et
1003 906 1232 942 excavas
1274 894 1325 942 et
1364 889 1522 941 mittis
1562 890 1616 941 in
1657 888 1925 957 frigidam.

337 963 619 1031 inpensam
661 962 732 1014 ad
773 979 865 1015 eas
899 963 975 1015 sic
999 962 1198 1016 facies:
1243 968 1385 1015 teres
1412 964 1581 1031 piper,
1624 964 1925 1032 ligisticum,

340 1037 634 1104 origanum,
686 1036 960 1089 suffundes‘
999 1038 1283 1103 liquamen,
1335 1038 1601 1090 cerebella
1642 1042 1809 1104 cocta,
1851 1043 1926 1090 te-

339 1128 441 1178 res,
497 1127 598 1163 ova
651 1109 814 1163 cruda
855 1110 1115 1163 dissolves
1157 1115 1209 1163 et
1248 1110 1454 1177 misceS,
1509 1115 1564 1163 ut
1611 1127 1770 1163 unum
1811 1128 1926 1164 cor-

339 1201 440 1253 pus
493 1183 707 1251 efficia8‚
768 1183 1053 1251 liquamine
1112 1184 1450 1251 temperabis
1517 1189 1570 1237 et
1628 1185 1926 1238 cucurbitas

339 1258 728 1327 suprascriptas
782 1276 890 1310 non
941 1259 1100 1326 plene
1142 1263 1321 1311 coctas
1372 1276 1439 1311 ex
1480 1275 1544 1311 ea
1583 1259 1810 1327 inpensa
1847 1259 1923 1311 in-

337 1333 474 1401 plcS,
537 1331 604 1385 de
650 1333 1017 1385 tessellasua
1068 1332 1314 1385 recludis
1372 1333 1589 1386 surclaS.
1645 1337 1697 1386 et
1745 1338 1926 1387 coctas

340 1406 527 1460 eximis
567 1410 619 1459 et
656 1405 822 1473 frigis,
866 1423 1193 1473 oenogarum
1234 1406 1310 1459 sic
1348 1405 1543 1459 facies:
1584 1411 1725 1460 teres
1754 1408 1924 1476 piper,

338 1480 639 1548 ligisticum,
681 1479 953 1533 suffundes
993 1480 1171 1532 vinum
1201 1485 1252 1533 et
1279 1481 1563 1547 liquamen,
1606 1497 1767 1548 passo
1796 1487 1924 1535 tem-

337 1554 570 1623 perabiS,
613 1554 717 1607 olei
758 1554 1021 1607 modicum
1063 1555 1238 1608 mittes
1276 1554 1331 1606 in
1362 1556 1649 1608 caccabum
1679 1560 1731 1607 et
1756 1555 1924 1609 facies

337 1634 394 1681 ut
431 1629 649 1682 ferveat.
694 1644 813 1682 cum
852 1627 1121 1695 fei-vuerit,
1164 1629 1338 1681 amolo
1383 1629 1606 1696 obligas.
1651 1634 1703 1682 et
1743 1646 1923 1682 cucur-

336 1703 473 1756 bitas
512 1701 694 1755 frictas
747 1719 1018 1770 oenogaro
1073 1702 1351 1773 perfundis
1394 1707 1446 1755 et
1482 1703 1637 1771 piper
1677 1703 1924 1771 aspargis

337 1782 389 1830 et
425 1775 638 1848 inferes

450 1852 571 1903 184.
614 1850 889 1904 Gustum
917 1850 997 1903 de
1026 1849 1485 1921 praecoquiis
1510 1871 1520 1905 2
1543 1850 1739 1918 pusilla
1769 1868 1922 1919 prae-

336 1925 526 1992 coquia
564 1941 781 1993 purgaS,
825 1926 1093 1991 enucleas,
1134 1924 1189 1976 in
1228 1923 1478 1991 frigidam
1515 1924 1695 1991 mittis,
1736 1925 1790 1978 in
1830 1942 1922 1994 pa-

334 2055 448 2102 cibis
510 2056 762 2102 levioribus
816 2056 1081 2101 nominatae

330 2121 439 2161 sunt
487 2120 539 2160 ut
587 2117 685 2160 259.
747 2115 864 2160 Cels.
919 2118 959 2167 2,
1009 2117 1078 2159 22.

330 2174 502 2220 Athen.
536 2176 579 2227 3,
610 2175 680 2219 49.
717 2174 915 2221 Casaub.
949 2174 1011 2218 ad
1038 2176 1081 2226 2,

331 2235 389 2279 64
419 2235 583 2301 p.428.
607 2260 655 2264 ——
676 2234 906 2278 scellas
941 2234 1080 2279 codd.

328 2307 412 2350 per
443 2294 715 2350 aphaeresin
749 2294 776 2337 i.
803 2307 842 2349 q.
876 2293 1080 2338 ancellas

332 2355 430 2398 181.
473 2354 549 2398 vel
591 2353 840 2410 intelleges
872 2353 1079 2397 rusticel-

328 2412 415 2463 las.
463 2413 603 2469 iunge
652 2411 926 2463 rebhiihner‚
975 2426 1078 2467 per-

328 2472 429 2515 drix
481 2473 643 2528 grises‚
689 2484 805 2528 quae
856 2471 1078 2515 Romanis

327 2531 528 2575 rusticae
560 2531 764 2587 gallinae
798 2530 1011 2574 dicuntur
1031 2536 1078 2575 et

326 2590 538 2646 perdices
581 2590 845 2641 rusticulae,
886 2590 961 2634 vel
993 2603 1076 2633 ac-

327 2663 352 2693 c
362 2649 412 2694 el
424 2662 452 2693 a
464 2662 485 2692 s
504 2649 699 2701 acceias,
712 2649 956 2694 beccasses
970 2649 1077 2695 Gal-

327 2709 489 2753 lorum.
533 2709 677 2753 scillis
721 2709 966 2752 bulborum
998 2723 1077 2753 no-

326 2767 567 2813 bilissimis
599 2768 729 2812 locus
761 2782 852 2811 non
887 2773 970 2812 est.

411 2827 473 2871 ad
503 2827 601 2871 183.
634 2826 955 2872 farsilibus
988 2826 1077 2871 far-

324 2886 402 2939 sis,
433 2887 641 2943 impensa
658 2887 875 2943 impletis.
904 2913 943 2916 —r
974 2900 1076 2931 eas

324 2959 437 3004 corr.
472 2960 556 3002 pro
590 2959 724 2991 eam.
770 2954 817 2990 et
859 2947 1075 2991 misces

1172 2069 1229 2100 ex
1260 2056 1361 2099 252.
1404 2070 1489 2112 pro
1522 2057 1742 2102 mittes.
1778 2083 1820 2087 —
1864 2063 1923 2103 et

1171 2129 1238 2159 ex
1286 2128 1352 2159 ea
1400 2116 1537 2160 codd.
1588 2142 1642 2148 ——
1687 2117 1922 2161 surclas

1170 2188 1254 2230 pro
1315 2175 1537 2219 surdas.
1596 2176 1831 2220 literarum
1880 2177 1922 2221 cl

1171 2233 1319 2277 forma
1351 2246 1491 2290 saepe
1520 2233 1781 2279 habebatur
1798 2235 1840 2279 d.
1859 2235 1921 2279 ad

1171 2293 1272 2337 268.
1320 2292 1428 2337 inde
1479 2294 1560 2337 191
1633 2294 1920 2347 turundabis‚

1170 2352 1468 2398 turunclabis.
1501 2353 1784 2397 turuncabis.
1823 2367 1918 2397 sur-

1170 2411 1292 2456 clare
1325 2416 1396 2455 est
1414 2411 1540 2467 quod
1557 2413 1803 2464 surculam,
1822 2427 1918 2457 sur-

1170 2471 1272 2514 culo
1333 2470 1525 2526 alligare
1573 2472 1673 2523 207,
1726 2468 1918 2528 infigere

1168 2530 1269 2581 319,
1302 2534 1353 2574 ut
1385 2530 1560 2586 sirpare
1593 2535 1666 2575 est
1696 2531 1919 2586 sirpicula

1168 2588 1376 2645 alligare,
1410 2594 1552 2645 utque
1589 2590 1857 2646 pampinare
1889 2603 1918 2633 a

1168 2649 1403 2704 pampino,
1460 2661 1644 2693 ruscare
1691 2661 1720 2692 a
1765 2662 1913 2694 rusco.

1168 2708 1345 2751 surclus
1393 2721 1428 2751 s.
1476 2708 1684 2752 surculus
1732 2713 1804 2752 est
1845 2721 1915 2751 ra-

1166 2767 1419 2818 musculus,
1471 2767 1653 2823 spinula
1702 2767 1917 2812 lanceola

1169 2830 1216 2870 et
1233 2826 1489 2881 cuspidula„
1515 2840 1766 2883 coquorum
1783 2828 1914 2883 spen,

1168 2885 1447 2940 spiesschen.

1255 2945 1315 2989 ad
1366 2946 1465 2992 184.
1526 2946 1913 3003 praecoquiis¹
