2098 3470
694 307 793 354 Lib.
814 307 914 354 VII.
976 305 1212 354 Politeles.
1262 322 1265 359 ζ
1635 305 1735 360 151

150 446 221 499 ad
260 445 528 513 lactantia,
571 461 673 499 ova
714 444 945 513 quinque
998 441 1069 495 ad
1121 441 1412 496 sextarium
1463 440 1641 508 mittis,
1695 440 1741 495 si

151 520 222 574 ad
264 520 506 587 eminam,
550 537 653 573 ova
692 519 806 572 tria.
849 519 904 571 in
939 519 1079 571 lacte
1107 516 1354 571 dissolvis
1394 516 1469 569 ita
1498 522 1552 569 ut
1578 533 1740 569 unum

152 611 344 663 corpus
383 594 568 648 facias
610 594 665 647 in
706 610 932 647 cumana
973 593 1207 646 collocas
1248 595 1300 644 et
1340 591 1450 656 igni
1484 592 1627 645 lento
1654 608 1739 644 co-

150 686 297 737 ques.
342 686 461 721 cum
502 667 714 721 duxerit
752 666 821 720 ad
862 684 938 735 se,
979 667 1133 735 piper
1171 665 1417 734 aspargis
1448 671 1499 719 et
1524 665 1738 719 inferes,

261 744 386 796 307.
449 742 590 795 Ova
629 742 917 808 sfongia
957 758 1037 794 ex
1076 741 1291 794 lacte:
1336 756 1437 792 ova
1473 745 1739 807 quattuor,

149 817 302 870 lactis
345 817 589 883 eminam,
633 816 735 869 olei
775 817 986 869 unciam
1041 815 1092 867 in
1149 831 1207 868 se
1261 813 1510 867 dissolvis
1561 814 1635 866 ita
1686 819 1743 866 ut

149 907 308 944 unum
350 907 545 959 corpus
583 890 751 943 facias
823 890 877 942 in
929 889 1184 960 patellam
1237 888 1483 942 subtilem
1538 888 1742 941 adicies

152 965 254 1018 olei
295 964 561 1018 modicum
601 963 768 1018 facies
808 969 864 1018 ut
917 964 1103 1018 bulliat
1130 968 1182 1016 et
1209 962 1411 1016 adicies
1462 963 1743 1033 inpensam

152 1056 308 1106 quam
351 1039 670 1108 conparasti.
714 1056 819 1092 una
857 1044 1011 1108 parte
1052 1055 1169 1092 cum
1216 1037 1375 1090 fuerit
1410 1043 1634 1104 coctum,
1687 1037 1742 1089 in

150 1114 298 1240 diss=⁰⁰
350 1130 552 1181 verses,
618 1113 779 1167 melle
831 1111 1127 1183 perfundis,
1180 1112 1338 1182 piper
1390 1111 1637 1182 aspargis
1691 1115 1744 1165 et

147 1206 200 1240 1n
228 1205 362 1242 eres,

997 1350 1124 1395 tione
1157 1350 1363 1406 patinam
1398 1350 1494 1394 cius
1514 1348 1743 1393 sufficien-

997 1415 1068 1454 ter
1100 1422 1317 1466 capacem
1355 1411 1565 1465 accipere
1599 1409 1746 1453 consi·

998 1470 1224 1514 derabis“.
1309 1495 1358 1499 —-
1437 1469 1746 1512 lactantia

998 1529 1134 1573 codd.
1177 1530 1401 1573 lactentia
1443 1528 1566 1573 Celsi
1598 1530 1641 1580 2,
1674 1529 1745 1571 ⁶28.

997 1590 1066 1633 29.
1102 1590 1146 1632 in
1179 1589 1340 1644 paucis
1374 1588 1611 1639 lactantia,
1653 1587 1746 1631 lac-

153 1353 261 1397 dum
294 1357 314 1396 t
332 1351 651 1408 ripatinam
676 1365 733 1396 ex
755 1350 903 1395 tribus

152 1413 291 1457 rebus
324 1416 549 1468 paratam.
584 1412 651 1455 sic
682 1424 756 1467 ap.
786 1411 901 1455 Plin.

151 1472 222 1522 35,
260 1472 356 1515 162.
391 1471 661 1527 tripatinum
693 1484 731 1518 s.
762 1471 905 1526 tripa-

153 1531 314 1575 tinium
359 1543 386 1573 a
425 1531 572 1574 tribus
604 1529 791 1575 ferculis
824 1544 904 1573 no-

151 1604 254 1635 men
300 1590 458 1641 habet,
504 1603 576 1646 ap.
609 1589 715 1633 Ael.
751 1589 902 1644 Spart.

151 1650 196 1693 in
239 1648 437 1696 Adrian.
492 1649 532 1693 5.
567 1648 904 1704 tetrapharma-

154 1723 254 1753 cum
289 1722 317 1752 a
350 1713 566 1765 quatuor,
599 1709 696 1752 scil.
722 1712 904 1752 consta-

153 1768 237 1813 bat
270 1781 326 1812 ex
360 1768 541 1812 duabus
574 1768 739 1812 avibus
771 1767 905 1823 galli-

154 1829 323 1879 naceis,
355 1840 539 1882 pavone
585 1832 632 1872 et
677 1827 904 1883 phasiano

153 1892 201 1932 et
233 1887 445 1931 similiter
476 1900 532 1931 ex
565 1887 746 1930 duabus
774 1899 904 1942 prae-

153 1947 301 2002 cipuis
334 1950 382 1990 et
413 1946 611 1991 maxime
644 1946 904 1990 aestima-tis

152 2006 365 2062 partibus
397 2006 560 2050 suillae
580 2006 744 2056 carnis,
778 2018 904 2049 nem-

150 2078 209 2120 pe
272 2064 449 2109 sumine
511 2070 559 2108 et
619 2077 765 2120 perna
817 2064 901 2108 sed

148 2137 359 2180 aprugna
389 2124 439 2167 id
471 2129 543 2168 est
559 2123 706 2168 ferina
725 2128 901 2167 crustu-

149 2184 339 2239 lataque
373 2183 420 2227 id
453 2188 526 2227 est
557 2182 704 2226 farina
734 2183 779 2226 in
804 2196 901 2226 cru-

148 2243 319 2286 stulum
372 2248 506 2286 cocta
558 2243 900 2298 superinducta.

148 2302 217 2345 ita
248 2314 340 2345 una
371 2306 551 2345 tant-um
590 2302 769 2357 speeies
802 2315 903 2356 per-

146 2374 206 2404 na
232 2361 487 2404 crustulata
512 2365 792 2417 etaprugna,
812 2374 902 2404 non

148 2420 267 2463 duae
289 2424 371 2463 aut
395 2425 502 2464 tres.
517 2420 566 2464 id
582 2434 748 2464 nomen
767 2433 795 2462 a
812 2433 905 2463 me-

148 2478 302 2522 dicina
335 2478 610 2530 desumtum‚
657 2479 718 2522 ad
753 2479 893 2535 Garg.

150 2551 241 2582 cur.
275 2538 415 2582 boum
439 2551 483 2593 p.
519 2538 589 2581 31.
624 2538 682 2582 de
714 2538 850 2581 litera
877 2551 898 2580 r

147 2596 434 2652 transposita
473 2597 671 2640 diximus
699 2597 760 2640 ad
785 2596 899 2641 Gar-

145 2656 223 2712 gil.
244 2657 312 2701 18.
325 2669 367 2711 p.
382 2657 438 2699 33
453 2656 577 2699 et47.
592 2681 644 2686 —
659 2656 758 2699 lac.
779 2655 898 2699 adv.

144 2719 263 2771 pat.
297 2721 441 2759 aest.
475 2715 662 2760 modum
687 2715 822 2758 lactis
846 2728 900 2759 ex

146 2774 467 2830 magnitudine
514 2775 704 2831 patina-e
748 2774 900 2823 termi-

146 2833 281 2877 nabis
316 2837 363 2877 et
393 2833 670 2889 perpendes.
705 2833 840 2876 Hum.
875 2847 899 2877 e

150 2892 251 2936 cod.
286 2905 369 2936 suo
413 2892 561 2937 edidit
602 2893 899 2937 adversus

147 2951 308 3011 quod
340 2965 395 3010 p.
429 2964 477 2994 a.
517 2965 627 3010 „pro
662 2952 796 2995 lactis
829 2964 899 2995 ra-

997 1648 1118 1692 taria
1149 1648 1382 1703 Lamprid.
1408 1649 1452 1692 in
1470 1647 1652 1703 Heliog.
1673 1648 1742 1690 27.

994 1709 1066 1751 32.
1113 1707 1357 1760 „lacticina
1396 1706 1630 1764 γαλὰκῖωά,
1665 1705 1745 1746 ‹Bo-

994 1769 1122 1822 γαλα“
1184 1767 1336 1812 Gloss.
1393 1766 1573 1810 Philox.
1627 1766 1744 1819 „lac-

994 1826 1142 1870 tentia
1175 1828 1305 1882 quasi
1339 1839 1448 1870 suco
1478 1826 1630 1869 lacteo
1648 1825 1743 1880 ple-

995 1889 1079 1928 na“
1116 1886 1299 1940 Papias.
1333 1886 1378 1929 in
1411 1885 1565 1928 media
1586 1889 1744 1928 aetate

995 1945 1229 1988 lacticinia
1260 1946 1287 1988 i.
1324 1959 1360 1989 e.
1397 1945 1487 1988 cibi
1531 1957 1585 1988 ex
1624 1944 1744 1988 lacte

996 2003 1209 2055 confecti,
1233 2003 1572 2059 milchspeiscn,
1604 2016 1744 2058 saepe

992 2064 1176 2108 obviam
1210 2060 1339 2108 fiunt.
1389 2064 1551 2107 eadem
1590 2063 1745 2107 edulia

992 2128 1040 2167 et
1075 2123 1352 2175 „lactantia“
1389 2128 1435 2166 et
1466 2123 1739 2175 „lactentia“

994 2183 1166 2226 dixisse
1220 2183 1437 2227 videntur
1495 2186 1546 2225 ut
1593 2181 1746 2225 adhuc

994 2242 1258 2286 subrumum
1325 2242 1630 2295 „lacta1iten1“
1699 2244 1746 2285 et

998 2302 1300 2354 „lact-eutem“
1337 2302 1440 2344 306.
1474 2326 1530 2332 -—
1564 2300 1743 2344 hemi-

994 2373 1118 2403 nam
1168 2360 1239 2403 ed.
1283 2374 1348 2415 pr.
1407 2360 1460 2403 H.
1508 2360 1743 2403 iminam
1789 2411 1791 2413 ¹

994 2424 1036 2471 β.
1066 2419 1244 2463 imina
1275 2420 1319 2462 in
1356 2419 1533 2464 ceteris.
1572 2445 1624 2448 ——
1660 2432 1743 2462 cu-

986 2493 1030 2522 m
1044 2491 1113 2521 an
1126 2491 1154 2521 a
1170 2492 1271 2522 cum
1291 2479 1427 2522 Hum.
1448 2491 1503 2523 ex
1521 2478 1622 2522 205.
1641 2477 1742 2521 243.

989 2551 1074 2594 pro
1109 2538 1340 2581 cumina
1363 2542 1404 2589 β.
1442 2538 1743 2581 cuminata

992 2600 1249 2641 ceterorum
1299 2622 1341 2627 -
1400 2597 1453 2640 in
1499 2597 1625 2652 igni
1669 2596 1741 2640 ed.

993 2670 1061 2712 ΡΥ·
1094 2681 1147 2686 ’-

1083 2715 1145 2758 ad
1176 2715 1279 2759 307.
1341 2727 1369 2758 a
1410 2727 1501 2771 qua
1533 2714 1743 2759 similitu-

993 2774 1099 2818 dine
1132 2787 1187 2818 ea
1218 2774 1381 2830 patina
1405 2774 1654 2830 „spongia“
1676 2774 1743 2817 di-

992 2837 1124 2877 catur
1171 2833 1364 2877 difficile
1413 2833 1551 2877 dictu.
1610 2838 1742 2888 puto,

992 2893 1100 2949 quia
1142 2905 1232 2936 una
1274 2897 1453 2936 tantum
1495 2897 1629 2947 parte
1667 2906 1742 2936 co-

991 2955 1172 3011 quatur,
1235 2952 1384 2996 altera
1440 2953 1740 3010 spongiosam
