2098 3470
379 314 484 372 186

368 453 589 504 μοηιθῖιῐο
629 453 785 517 teges
825 456 879 505 ct
917 456 1064 505 carta
1104 457 1157 506 et
1192 453 1415 513 ‚sui-clas.
1454 452 1596 505 lento
1629 452 1740 520 igni
1778 455 1960 508 subas-

375 540 482 581 saS.
523 523 726 578 adicies
763 525 819 578 in
856 526 1160 579 mortarium
1187 526 1359 597 piper,
1387 526 1687 594 ligisticum,
1728 527 1960 595 fricabiS,

376 597 653 662 suffundes
691 599 975 666 liquamen,
1027 600 1150 652 vino
1193 606 1245 653 et
1282 599 1568 667 liquamine
1619 602 1959 670 temperabis.

374 671 544 726 facies
584 676 640 724 ut
677 671 900 727 ferveat.
943 690 1063 726 cum
1103 673 1371 740 fervuerit,
1425 675 1599 727 amolo
1653 676 1859 743 obligas
1913 681 1965 729 et

373 746 618 814 leporem
656 748 995 801 subassatum
1046 747 1353 818 perfundes
1409 748 1564 817 piper
1614 749 1859 819 aspargis
1914 754 1965 804 et

373 819 587 875 inferes,
669 864 671 866 ,
873 882 875 884 ‚
1729 871 1731 873 ,

485 894 612 948 404.
653 894 993 963 Leporem
1037 895 1257 949 aliter
1298 895 1582 949 elixum:
1637 913 1811 964 ornas,
1852 895 1963 950 adi-

376 967 488 1026 cies
538 968 594 1038 in
642 969 799 1023 lance
851 969 1042 1037 oleum,
1102 969 1389 1039 liquamen,
1440 975 1665 1037 acetum,
1727 987 1963 1038 passum,

376 1059 564 1110 cepam
606 1042 860 1096 concides
894 1047 946 1096 et
977 1049 1148 1097 rutam
1181 1043 1421 1111 viridem,
1463 1044 1643 1098 timum
1673 1045 1963 1098 subcultra·

374 1121 484 1170 tum
524 1121 578 1170 et
614 1117 694 1172 sic
732 1116 976 1185 apponis,

485 1191 611 1247 405.
654 1190 895 1263 [Leporis
930 1190 1223 1262 conditura]
1273 1191 1458 1245 teritur
1495 1192 1667 1263 piper,
1707 1197 1839 1258 ruta,
1881 1209 1964 1246 ce-

373 1266 536 1334 pulla,
589 1261 739 1319 ioc'u‘r
788 1265 1004 1334 leporis,
1056 1265 1341 1334 liquamen,
1385 1282 1688 1334 caroenum,
1729 1282 1966 1335 passum,

375 1338 479 1393 olei
517 1339 801 1408 modicum,
842 1340 1072 1392 amolum
1115 1356 1234 1392 cum
1272 1339 1436 1393 bullit.

484 1414 611 1468 406.
635 1414 971 1482 Leporem
994 1414 1184 1468 sicco
1207 1430 1534 1482 sparsum.
1558 1418 1611 1468 et
1641 1413 1782 1468 hunc
1810 1431 1966 1482 prae-

377 1488 597 1541 condies
638 1488 773 1542 sicut
811 1487 1006 1540 aedum
1045 1487 1395 1556 tarpeianum,
1446 1493 1733 1555 antequam
1773 1505 1966 1555 coqua-

374 1566 474 1630 tur,
518 1568 735 1616 ornatus
769 1562 950 1616 suitur.
985 1562 1156 1631 piper,
1198 1566 1384 1630 rutam,
1421 1562 1724 1630 satureiam,
1760 1579 1965 1631 cepam,

374 1636 557 1689 timum
590 1636 874 1704 modicum,
915 1636 1204 1705 liquamine
1243 1636 1464 1704 collues,
1505 1641 1697 1707 postea
1727 1637 1783 1690 in
1814 1636 1966 1690 furno

863 315 966 364 Lib.
998 316 1123 364 VIII.
1172 316 1415 376 Tetrapus.

376 1781 465 1813 ma.
509 1794 562 1799 ——
604 1769 755 1826 prima
796 1767 1027 1824 particula
1066 1767 1126 1812 ab

379 1827 579 1880 „adicies
595 1854 641 1859 —
658 1828 915 1884 liquamen“
936 1828 1007 1872 ius
1022 1840 1127 1872 con-

377 1888 495 1932 tinet
520 1888 566 1932 in
599 1901 690 1943 quo
714 1887 847 1944 lepus
865 1913 919 1918 -
938 1900 1128 1943 praeco-

376 1947 546 2003 quitur‚
568 1947 718 1992 altera
737 1960 882 2003 usque
905 1947 968 1991 ad.
988 1951 1127 2000 „tem-

374 2006 587 2062 perabis“
607 2007 784 2052 isicium
805 2019 896 2063 quo
920 2005 1126 2057 farcitur,

376 2065 455 2111 ubi
489 2065 638 2112 farsus
672 2070 757 2118 est,
790 2066 835 2109 in
854 2069 1041 2111 omento
1061 2066 1127 2108 in-

375 2125 582 2174 volvitur
613 2129 661 2170 et
691 2126 738 2169 in
764 2123 898 2170 furno
927 2129 1125 2169 assatur.

375 2184 517 2231 tertia
557 2184 701 2230 habet
741 2184 812 2229 ius
862 2197 953 2241 quo
994 2184 1126 2239 lepus

375 2248 575 2290 assatus.
600 2243 908 2300 perfunditur.
942 2269 996 2276 -—
1041 2248 1126 2288 te-

366 2303 481 2360 ges
513 2302 575 2347 ad
601 2304 703 2355 402.

464 2363 527 2407 ad
558 2362 658 2407 404.
693 2362 793 2407 405.
829 2374 965 2407 unam
997 2361 1126 2417 lepo-

376 2422 439 2467 ris
479 2422 678 2477 parandi
710 2422 940 2467 rationem
972 2419 1124 2465 habeo

377 2481 539 2526 eiectis
580 2481 800 2537 marginis
840 2480 994 2525 verbis
1038 2480 1128 2534 „le-

375 2541 503 2597 poris
528 2540 816 2585 *conditurff
865 2553 950 2584 seu
994 2552 1125 2593 „con-

378 2600 609 2645 dimenta“
645 2599 717 2644 ed.
747 2613 828 2655 pr.
862 2599 988 2655 prior
1018 2611 1127 2654 pars

378 2660 587 2704 continet
614 2658 818 2704 elixandi
834 2659 1062 2702 rationem
1080 2662 1128 2702 et

375 2719 447 2764 ius
480 2719 606 2775 quod
637 2718 684 2764 in
711 2718 843 2762 lance
866 2731 948 2762 seu
970 2729 1127 2761 mensa

377 2778 614 2828 culinaria,
645 2781 895 2832 antequam
918 2776 1050 2832 lepus
1066 2775 1129 2820 ad

376 2838 531 2893 ignem
577 2837 778 2896 ponitur,
821 2836 866 2879 in
908 2840 1127 2891 patenam

378 2894 601 2947 funditur,
611 2896 762 2940 altera
776 2896 1003 2945 rationem
1022 2908 1128 2939 eon-

378 2955 536 3001 diendi
567 2960 616 3001 et
644 2956 731 3005 ius,
762 2955 1002 3011 inpensam
1025 2954 1126 2999 406.

1220 1770 1510 1814 condituram
1536 1769 1640 1821 407,
1673 1781 1764 1825 qua
1780 1781 1969 1824 percoc-

1218 1832 1293 1876 tus
1326 1829 1621 1876 suffunditur.
1653 1854 1703 1858 —
1725 1828 1813 1872 sic
1844 1840 1967 1883 app.

1219 1902 1321 1932 cum
1354 1888 1435 1932 illo
1468 1888 1566 1933 iure
1599 1887 1789 1932 condito
1823 1886 1884 1931 ad
1901 1887 1968 1944 ig-

1218 1961 1322 1992 nem
1355 1947 1504 2004 ponis.

1307 2007 1369 2050 ad
1398 2007 1499 2050 406.
1562 2019 1655 2051 non
1686 2005 1799 2049 satis
1833 2005 1967 2060 capio

1218 2079 1321 2111 eam
1383 2066 1782 2122 compositionem,
1840 2065 1968 2109 cuius

1218 2126 1385 2170 lemma
1422 2125 1571 2181 ipsum
1616 2123 1850 2169 difficilius
1882 2127 1966 2178 est.

1219 2198 1313 2229 vox
1345 2185 1403 2229 de
1437 2197 1527 2240 qua
1559 2184 1713 2241 agitur
1754 2183 1971 2242 scribitur

1217 2244 1371 2288 sioio
1418 2247 1461 2295 β.
1509 2244 1632 2287 sico
1679 2242 1738 2296 γζ.
1787 2254 1968 2288 succo

1217 2301 1351 2345 δθκπ.
1388 2316 1582 2358 cumque
1615 2302 1687 2346 ed.
1709 2314 1778 2356 pr.
1802 2301 1861 2348 H.
1884 2301 1970 2356 (sic

1218 2362 1403 2406 variant
1430 2361 1538 2414 libri
1565 2361 1655 2415 40.)
1674 2365 1721 2405 et
1738 2365 1908 2415 postea
1923 2360 1969 2403 in

1217 2421 1429 2465 omnibus
1472 2433 1530 2465 ex
1571 2421 1781 2476 pipere
1816 2419 1967 2463 sicco

1218 2480 1275 2524 in
1325 2480 1493 2534 disco
1546 2479 1807 2524 sumitur·
1860 2478 1969 2522 olim

1217 2539 1345 2583 volui
1388 2538 1544 2582 sicio
1591 2539 1851 2594 „impensa“
1904 2538 1970 2581 in-

1217 2602 1493 2654 terpretans,
1524 2611 1644 2642 nunc
1670 2596 1970 2652 mihiimpen-

1216 2670 1270 2702 sa
1315 2658 1414 2702 sine
1467 2656 1734 2701 humoribus
1782 2656 1970 2700 circum-

1219 2729 1383 2772 sparsa
1427 2716 1654 2769 ‚,siccum“
1709 2718 1782 2760 est
1824 2719 1872 2761 et
1914 2725 1971 2758 ex

1220 2789 1275 2821 eo
1308 2776 1432 2820 sicco
1466 2775 1539 2818 cui
1570 2778 1737 2829 postea
1758 2773 1969 2818 additum

1221 2835 1436 2890 „pipere“
1472 2834 1598 2890 quod
1640 2834 1689 2877 id
1720 2847 1790 2878 res
1823 2832 1971 2888 prima

1219 2895 1455 2948 impensae
1489 2897 1574 2944 est,
1620 2896 1669 2937 ut
1709 2894 1969 2948 piperatum

1219 2953 1387 2998 dicitur
1406 2953 1479 2997 cui
1497 2957 1683 3009 praeter
1708 2953 1842 3008 piper
1869 2951 1968 3008 plu-
