2098 3470
757 316 1010 364 Praefatio.
1604 315 1674 371 25

83 456 272 510 thecae
311 454 502 510 medic.
539 455 760 508 laurent.
790 455 1021 506 Florent.
1048 452 1174 505 mihi
1203 452 1392 506 dicitur
1419 450 1473 523 ὁ)
1514 470 1676 506 manu

82 547 405 616 peritissima
443 546 586 600 Petri
627 547 693 601 de
732 546 893 599 Furia
936 545 1135 617 (Pietro
1177 544 1267 598 dal
1304 545 1466 599 Furia
1504 545 1674 600 archi-

81 638 219 691 vista
260 637 314 690 di
352 637 597 708 Firenze)
639 637 964 707 descriptum
1002 652 1108 688 una
1148 652 1267 689 cum
1306 635 1522 689 minoris
1564 653 1673 690 mo-

81 726 244 780 menti
285 726 655 780 collationibus
707 727 862 779 trium
903 725 1165 793 codicum,
1208 724 1311 779 cod
1371 726 1452 779 26.
1502 725 1671 780 codic.

79 816 394 870 riccardian.
424 816 657 869 Florent.
679 816 860 885 scripti
883 834 915 869 a
934 815 1156 868 Pacutio
1182 814 1380 868 Sabino
1409 832 1479 868 an
1515 815 1674 869 1464.

78 904 352 959 Bononiae
394 904 544 976 (mihi
573 909 652 959 est
674 902 740 975 ζ),
784 910 836 959 et
877 904 994 958 cod.
1027 905 1113 957 29.
1152 902 1443 957 eorundem
1473 908 1525 957 et
1552 903 1670 959 cod.

80 995 163 1049 67,
209 993 358 1066 <mihi
386 997 430 1047 θ
466 999 518 1048 et
543 993 596 1066 κ)
639 994 761 1048 olim
801 994 1074 1047 strozzian.
1117 1009 1255 1047 nunc
1293 993 1518 1049 laurent.
1551 994 1672 1047 Flo-

78 1089 209 1138 rent.
256 1084 345 1151 qui
383 1100 635 1151 magnam
673 1084 923 1137 lacunam
956 1083 1117 1137 habet
1156 1100 1188 1135 a
1222 1086 1269 1149 ξ.
1302 1083 1373 1136 70
1407 1082 1477 1136 ad
1521 1100 1673 1153 „cum

77 1172 330 1227 ferverit“
375 1176 425 1240 ἓ.
459 1174 580 1228 170.
622 1173 959 1227 adiunxisses
998 1171 1174 1225 varias
1222 1171 1479 1226 lectiones
1530 1171 1673 1226 codi-

81 1263 155 1316 cis
205 1262 260 1315 in
314 1262 502 1316 Museo
543 1262 813 1315 Laurentii
859 1261 1098 1329 Pignorii
1136 1261 1381 1315 Patavini
1433 1260 1604 1333 (citati
1642 1279 1676 1316 a

77 1351 439 1404 Montfaucon.
482 1351 794 1406 Bibliothec
841 1350 1218 1405 Bibliothecar.
1246 1352 1284 1404 Ι.
1316 1368 1368 1420 p.
1399 1351 1534 1422 487)
1573 1350 1676 1404 nisi

79 1440 395 1494 evanuisset.
478 1441 566 1494 Sic
608 1441 965 1495 tenacioribus
998 1458 1083 1494 me
1110 1441 1211 1494 filis
1235 1441 1540 1510 implicuisti
1563 1441 1672 1509 qui-

75 1531 172 1583 bus
213 1546 312 1582 nec
352 1529 536 1582 volam
577 1547 677 1583 nec
701 1534 888 1598 potero
916 1547 1150 1599 unquam
1180 1530 1451 1600 explicari.
1497 1531 1673 1585 aureis

76 1618 423 1690 compedibus
480 1619 649 1672 teneri
703 1619 874 1673 dulce.
955 1621 1036 1673 Tu
1089 1638 1258 1692 perge
1323 1638 1513 1674 ornare
1570 1622 1670 1674 isto

74 1712 232 1776 pacto
274 1724 358 1760 me
399 1708 486 1761 vel
519 1707 900 1776 immerentem,
941 1726 1048 1762 non
1075 1710 1245 1763 minus
1277 1710 1416 1764 enim
1442 1711 1669 1779 plerum-

75 1813 176 1866 que
219 1796 456 1850 delectat
494 1798 631 1850 falsa
674 1815 831 1865 quam
865 1816 994 1852 vera
1017 1800 1151 1868 laus,
1193 1800 1328 1854 sicut
1355 1800 1555 1868 gratius
1584 1817 1670 1854 ac-

76 1886 202 1940 cidit
240 1886 353 1940 fere
396 1886 538 1955 quod
593 1886 733 1941 dono
783 1888 938 1941 datur
978 1906 1136 1956 quam
1178 1888 1321 1957 quod
1362 1907 1429 1943 ex
1471 1888 1667 1944 debito,

71 1974 128 2027 id
168 1975 289 2030 Tibi
328 1993 641 2044 persuasum
681 1977 839 2030 velim
895 1995 959 2030 ea
1008 1979 1087 2031 Te
1134 1995 1343 2032 mecum
1383 1978 1577 2032 amoris
1619 1983 1671 2033 et

75 2065 232 2118 officii
255 2064 609 2119 fundamenta
651 2066 860 2132 iecisse,
903 2071 959 2119 ut
984 2067 1126 2120 nullo
1158 2085 1286 2121 casu
1312 2084 1483 2135 ruere,
1525 2069 1670 2122 nulla

71 2169 129 2206 re
170 2154 397 2207 convelli
436 2154 664 2222 possint,
722 2155 869 2209 effice
911 2157 994 2208 Tu
1033 2156 1191 2209 homo
1231 2174 1338 2210 non
1377 2158 1549 2211 minus
1588 2158 1667 2211 lit-

74 2242 419 2296 teratissimus
448 2260 604 2310 quam
629 2244 1016 2312 integerrimus,
1045 2250 1102 2298 ut
1127 2250 1250 2298 voto
1279 2245 1527 2302 fruamur.
1568 2246 1668 2301 sed

77 2336 221 2384 certe
261 2343 375 2384 sum
414 2333 623 2400 longior
663 2333 857 2386 amoris
897 2334 1106 2388 vinculo
1150 2339 1418 2388 extractus
1453 2352 1555 2404 quo
1587 2336 1667 2390 Te

73 2420 399 2487 complector
451 2421 674 2489 coloque
722 2427 882 2491 atque
933 2423 1181 2491 admiror,
1233 2424 1388 2477 nimis
1435 2423 1665 2479 fortasse

72 2508 193 2560 Tibi
234 2509 503 2575 molestuS‚
543 2510 722 2576 itaque
761 2511 867 2563 iam
907 2511 1166 2566 desinam.

184 2598 411 2649 Parvum
438 2598 650 2666 quidem
677 2600 792 2652 Tuo
820 2601 1019 2653 nomini
1052 2601 1287 2655 libellum
1323 2601 1532 2669 dedicO,
1567 2601 1665 2656 sed

70 2690 126 2738 ut
166 2702 323 2754 spero
368 2704 468 2740 nec
507 2688 719 2740 inanem
767 2705 943 2741 rerum
995 2707 1095 2743 nec
1133 2690 1363 2759 inopem.
1406 2690 1571 2743 multa
1613 2696 1665 2744 et

67 2779 270 2827 remota
308 2776 484 2843 lecti0,
526 2777 688 2829 multa
726 2777 870 2830 illum
903 2778 1151 2831 formavit
1179 2796 1361 2847 opera.
1423 2780 1506 2831 Tu
1533 2796 1660 2832 vero

72 2861 271 2915 electus
309 2864 639 2931 potissimum
678 2865 732 2916 in
783 2854 930 2919 cuius
971 2872 1233 2935 appareat
1270 2867 1500 2933 nomine,
1554 2885 1661 2920 non

70 2966 171 3020 quo
210 2967 323 3006 rem
357 2953 616 3006 tantillam
643 2958 824 3008 tantae
850 2955 1027 3008 virtuti
1057 2956 1661 3027 fortunaeque-arbitrer
