2098 3470
398 327 502 381 116

918 326 1017 372 Lib.
1050 326 1127 372 VI.
1176 326 1419 384 Tropetcs.

392 477 496 513 ras,
536 460 591 512 in
632 462 866 514 caccabo
906 460 1241 514 reexinanies
1283 466 1334 514 et
1372 459 1596 524 calefiat,
1638 462 1811 513 amolo
1846 462 1976 514 obli-

394 534 564 601 gabis,
606 535 815 602 inponis
855 535 908 586 in
946 535 1100 587 lance
1141 535 1311 587 etius
1350 533 1642 602 perfundis.

507 609 615 659 214
692 610 766 661 In
818 625 983 675 grue
1023 608 1133 661 vel
1171 609 1234 660 in
1273 613 1480 660 anate
1520 608 1620 660 vel
1659 608 1722 659 in
1762 608 1980 675 pullo:

394 681 565 751 piper,
621 699 810 752 cepam
851 683 1064 748 siccam,
1114 682 1413 748 ligisticum,
1457 681 1718 747 ciminum,
1762 682 1851 748 api
1901 698 1982 734 se-

394 772 533 822 men,
574 772 745 822 pruna
787 754 906 827 [vel]
950 755 1274 808 damascena
1301 757 1595 820 enucleata,
1638 759 1983 822 mustaceum,

395 829 679 896 liquamen,
722 829 1017 894 defrictum,
1059 829 1232 882 oleum
1274 834 1326 882 et
1353 845 1566 895 coques

509 903 631 955 215.
677 902 872 956 Gruem
902 903 1024 955 dum
1069 903 1270 969 coquiS‚
1314 908 1474 971 caput
1502 902 1613 954 cius
1654 918 1795 968 aqua
1828 918 1985 969 quam

396 994 504 1029 non
550 977 737 1044 tingat,
793 977 889 1030 sed
941 977 1007 1029 sit
1058 976 1209 1030 foris.
1255 976 1325 1029 ad
1378 993 1603 1043 aequam
1657 993 1773 1027 cum
1832 981 1986 1029 cocta

397 1050 571 1119 fuerit,
613 1051 682 1104 dc
721 1068 921 1103 savano
961 1050 1139 1103 valido
1191 1051 1431 1103 involves
1484 1066 1667 1116 gruem
1721 1056 1772 1102 et
1828 1055 1987 1120 caput

400 1124 512 1178 eius
552 1124 702 1178 trahe
744 1141 862 1177 cum
903 1125 1093 1189 nerviS,
1136 1130 1385 1190 sequetur
1423 1129 1479 1175 ut
1513 1124 1710 1192 pulpae
1750 1124 1835 1176 vel
1864 1140 1988 1176 ossa

397 1203 722 1252 remaneant.
768 1216 884 1252 cum
925 1198 1104 1251 nervis
1135 1199 1275 1251 enim
1304 1197 1627 1251 manducare
1655 1213 1760 1249 non
1789 1202 1981 1266 potest.

401 1346 502 1390 254.
534 1347 634 1390 371.
669 1359 768 1390 cum
802 1346 934 1389 Hum.
969 1345 1014 1389 in
1040 1345 1142 1389 cod.

397 1406 622 1450 invenerit
668 1405 852 1457 lavas,
901 1417 992 1461 qua
1038 1419 1144 1449 con-

398 1464 580 1510 fusione
655 1464 767 1508 nihil
845 1463 1145 1520 frequentius,

397 1530 642 1581 utrumque
684 1524 873 1569 verbum
911 1524 1056 1569 dedit.
1091 1549 1144 1555 —

398 1597 587 1641 prope
634 1588 783 1628 coct.
838 1583 990 1627 media
1044 1597 1146 1628 coc-

398 1650 502 1688 tura
549 1644 647 1687 216.
697 1644 798 1688 380.
842 1644 943 1687 381.
991 1668 1040 1672 Ν
1090 1648 1147 1687 et

399 1704 501 1748 cal.
537 1716 594 1748 ex
625 1718 659 1742 π
689 1716 773 1759 pro
807 1708 868 1746 ut
901 1702 1002 1746 cal.

486 1763 548 1807 ad
579 1761 678 1806 214.
712 1763 837 1818 prius
871 1762 962 1806 vel
993 1776 1049 1806 ex
1078 1762 1142 1809 ξπ.

398 1848 452 1854 »-
497 1821 589 1867 vel
633 1821 693 1866 ob
734 1821 834 1866 450.
878 1821 1056 1866 inclusi.
1093 1845 1144 1849 <-

397 1895 481 1938 pro
530 1886 776 1925 mustum
820 1886 1053 1925 acetum
1098 1884 1147 1923 ut

396 1942 495 1986 450⁴
561 1940 723 1985 reduxi
785 1945 1146 1984 mustaceum

396 2000 669 2055 μουστάκιον,
702 1999 763 2043 ad
797 1999 923 2055 quod
955 2000 1099 2043 libum
1123 2011 1147 2042 e

397 2059 546 2105 farina
587 2059 801 2115 siliginea
845 2058 934 2102 mel
967 2058 1042 2103 vel
1076 2071 1148 2102 su-

398 2133 477 2164 cus
509 2118 734 2163 malorum
767 2124 1049 2162 must-eorum
1082 2118 1147 2161 in-

396 2179 554 2236 primis
581 2178 906 2227 adhibebatur,
940 2175 1148 2221 mostku-

398 2238 510 2283 chen
544 2238 659 2282 Plin.
706 2238 774 2288 15,
818 2238 914 2280 127.
949 2236 1145 2291 interpp.

397 2298 458 2342 ad
476 2297 653 2341 Arnob.
674 2298 715 2349 2,
733 2297 801 2341 23.
827 2310 871 2352 p.
891 2297 962 2340 31.
983 2295 1053 2340 ed.
1071 2296 1144 2340 Or.

486 2357 546 2400 ad
579 2357 678 2400 215.
725 2368 893 2412 quam
927 2369 951 2399 c
984 2368 1066 2399 sex
1098 2354 1146 2398 li·

396 2417 506 2468 briS,
548 2420 619 2461 est
662 2420 884 2471 quantum
927 2410 1028 2459 fieri
1065 2427 1147 2469 po-

397 2481 504 2525 test,
548 2487 685 2531 quam
717 2474 915 2518 minime.
962 2472 1019 2517 cf.
1054 2473 1145 2517 Cic.

398 2549 512 2580 verr.
558 2547 708 2578 accus.
754 2534 795 2584 2,
829 2534 900 2585 22,
933 2534 1002 2577 53.
1038 2537 1147 2588 post

396 2595 490 2639 red.
536 2595 581 2637 in
624 2607 717 2638 sen.
764 2593 804 2636 8.
849 2594 919 2635 21.
964 2592 1063 2635 Liv.
1104 2593 1146 2643 4,

397 2654 468 2705 24,
501 2654 541 2697 6.
575 2653 642 2697 sic
674 2664 811 2708 quam
828 2651 940 2695 nihil
958 2663 1031 2706 ap.
1053 2650 1145 2695 Cic.

396 2709 474 2757 fin.
508 2715 549 2764 5,
584 2713 654 2763 27,
673 2712 743 2755 80.
764 2711 899 2755 Tusc.
925 2711 966 2762 5,
984 2710 1056 2760 35,
1077 2711 1144 2753 74.

397 2786 512 2817 verr.
561 2783 712 2815 accus.
767 2771 806 2821 1,
853 2771 924 2822 35,
972 2770 1043 2813 89.
1085 2769 1147 2813 ad

397 2831 502 2876 Att.
535 2832 577 2882 9,
610 2831 652 2882 2,
690 2832 726 2873 1.
778 2841 915 2885 quam
947 2828 1149 2872 nondum

397 2903 470 2947 ap.
517 2890 610 2935 Cic.
654 2889 785 2933 Brut.
828 2888 899 2940 64,
949 2888 1047 2931 228.
1095 2912 1148 2917 „-

397 2952 606 3007 aquam
649 2961 743 3004 par.
790 2951 837 2991 et
879 2946 999 2991 hum.
1047 2946 1149 2991 cod.

1234 1346 1756 1402 tingatssy.tangat
1802 1346 1847 1389 in
1886 1346 1989 1390 reli-

1236 1405 1354 1462 quis.
1399 1429 1449 1434 a
1489 1404 1560 1448 ad
1617 1417 1863 1461 aequam
1917 1418 1987 1449 ra-

1236 1465 1424 1515 tionem,
1466 1464 1513 1507 in
1550 1476 1746 1520 aequam
1779 1465 1880 1516 269,
1915 1465 1988 1514 63,

1235 1525 1305 1568 90.
1340 1536 1502 1579 aeque,
1546 1526 1805 1579 συμμέτρως,
1851 1523 1987 1569 effeci

1237 1597 1293 1628 ex
1325 1581 1514 1626 'codicis
1561 1586 1592 1634 ῥ’
1633 1583 1701 1626 ab
1747 1596 1985 1638 aquam.

1237 1642 1380 1698 vulgo
1444 1643 1637 1697 iungunt
1700 1641 1757 1686 fo
1772 1643 1854 1686 ris
1916 1643 1988 1686 ab

1236 1714 1393 1758 aqua.
1438 1726 1492 1731 —-
1536 1701 1605 1745 de
1647 1715 1737 1746 non
1771 1715 1983 1746 necessa-

1236 1762 1352 1805 rium
1377 1774 1464 1804 om.
1499 1775 1533 1800 π
1561 1765 1608 1805 et
1635 1761 1767 1804 Hum.
1803 1762 1863 1805 ad
1889 1774 1989 1805 eam

1236 1819 1627 1876 praepositionem
1665 1820 1990 1865 instrumenta-

1238 1881 1325 1924 lem
1360 1878 1415 1923 cf.
1454 1880 1548 1922 119.
1598 1879 1694 1923 134.
1743 1880 1841 1924 153.
1887 1880 1988 1923 218.

1239 1940 1339 1982 261.
1385 1940 1482 1982 278.
1527 1939 1627 1982 395.
1662 1937 1815 1982 Amm.
1851 1940 1987 1983 Marc.

1240 1999 1311 2049 29,
1353 1999 1395 2049 3,
1428 1998 1469 2042 8.
1518 1998 1602 2050 „de
1644 1996 1843 2042 fustibus
1889 2011 1990 2043 cae-

1238 2060 1360 2109 sus“,
1393 2057 1529 2101 Hand
1561 2057 1754 2101 Tursell.
1774 2058 1879 2113 Hp.
1903 2059 1988 2101 219

1238 2130 1366 2173 seqq.
1413 2142 1466 2148 --
1511 2129 1735 2160 savano
1770 2116 1906 2160 codd.
1943 2121 1991 2161 et

1237 2177 1342 2220 376.
1387 2175 1613 2220 sabano
1661 2179 1691 2226 β
1739 2176 1837 2219 237.
1889 2176 1989 2219 276.

1237 2247 1463 2280 savano
1496 2235 1541 2278 in
1573 2234 1776 2290 reliquis,
1809 2247 1989 2278 sava·

1237 2308 1307 2338 no
1341 2311 1379 2349 γ.
1413 2294 1530 2338 sab.
1578 2294 1625 2337 in
1665 2294 1853 2349 reliquis
1889 2295 1987 2338 239.

1239 2353 1404 2398 Graeci
1437 2352 1642 2397 scribunt
1676 2353 1876 2403 σάβανον,
1907 2368 1987 2393 σα-

1237 2411 1389 2465 βάνιον
1420 2411 1673 2457 Dositheus
1707 2412 1778 2456 cd.
1811 2412 1988 2456 Boeck.

1238 2485 1283 2528 p.
1316 2472 1387 2515 95.
1422 2472 1658 2515 derivatur
1690 2472 1749 2515 ab
1783 2469 1909 2512 ἑανὸν
1942 2477 1990 2516 et

1239 2536 1311 2575 est
1342 2531 1533 2575 linteum
1567 2531 1764 2575 crassius
1797 2544 1853 2575 ex
1882 2543 1986 2574 can-

1237 2590 1347 2634 nabi
1378 2591 1439 2634 ad
1462 2590 1805 2641 involvendum,
1839 2590 1987 2645 expri-

1237 2649 1466 2701 mendum,
1506 2649 1864 2705 abstergendum
1906 2661 1986 2704 ap-

1238 2714 1348 2753 tum.
1379 2708 1435 2752 cf.
1457 2709 1590 2752 Voss.
1615 2708 1671 2752 de
1689 2709 1768 2751 vit.
1789 2721 1987 2752 sermon.

1239 2781 1282 2824 p.
1317 2782 1374 2810 m.
1409 2768 1505 2811 270.
1572 2765 1800 2811 Dufresne
1835 2767 1985 2812 Gloss.

1241 2827 1293 2870 T.
1329 2826 1394 2870 VI
1435 2840 1478 2882 p.
1516 2827 1537 2869 1
1574 2830 1621 2870 et
1655 2827 1724 2870 76.
1771 2825 1988 2871 Heinrich

1241 2885 1302 2930 ad
1334 2884 1486 2930 Schol.
1521 2885 1725 2937 Iuvenal,
1752 2885 1820 2937 14,
1854 2886 1910 2929 22
1942 2899 1988 2941 p.

1244 2945 1344 2989 427.
1382 2945 1494 2989 Diez
1527 2946 1635 2989 Lex.
1671 2945 1716 2989 d.
1749 2958 1861 2990 rom.
1894 2958 1988 3000 spr.
