2098 3470
408 330 480 383 84
921 328 1021 374 Lib.
1053 328 1132 376 IV.
1194 329 1464 380 PandccteS.

522 463 641 514 149.
702 463 953 516 Patina
994 463 1075 517 de
1114 464 1453 531 piscibus:
1513 463 1712 532 piperis
1762 465 1990 531 unciam,

405 536 628 602 garo-cni
667 537 912 603 eminam,
955 538 1153 590 conditi
1193 538 1436 603 eminam,
1480 538 1584 590 olei
1624 555 1738 591 unc.
1782 540 1851 590 II.

521 610 640 662 150.
694 610 944 663 Patina
985 611 1065 664 de
1104 611 1504 680 pisciculis:
1558 628 1715 663 uvam
1755 628 1990 679 passam,

404 683 574 751 piper,
627 683 926 750 ligisticum,
982 685 1275 752 origanum,
1331 702 1535 752 cepam,
1588 685 1783 752 vinum,
1825 686 1991 751 liqua-

404 773 544 823 men,
587 757 776 824 oleum,
818 757 1105 811 transferes
1144 758 1198 810 in
1238 759 1507 825 patellam.
1552 775 1670 812 cum
1698 764 1851 811 cocta
1879 759 1989 812 fue-

403 830 484 897 rit,
527 829 729 884 adicies
767 832 821 883 in
860 831 1032 899 ipsam
1071 832 1356 902 pisciculos
1397 836 1592 898 000103,
1647 833 1820 886 amolo
1864 832 1990 885 obli-

405 921 503 971 gas
545 909 596 957 et
633 904 845 958 inferes

519 978 639 1031 151.
679 978 917 1031 Patina
946 978 1025 1031 de
1054 978 1400 1046 piscibus:
1444 977 1725 1045 denticem,
1755 983 1992 1032 amatam

405 1057 458 1106 et
493 1052 744 1120 mugilem
773 1053 1023 1120 accipieS,
1068 1057 1278 1105 curatos
1318 1052 1641 1119 subassabiS,
1682 1058 1872 1120 postea
1901 1070 1992 1106 eos

401 1126 457 1178 in
495 1127 716 1195 pulpam
744 1142 982 1195 carpeas.
1027 1125 1222 1179 deinde
1260 1125 1475 1179 hostrea
1516 1127 1750 1193 curabis3
1793 1126 1994 1180 adicies

401 1201 456 1253 in
495 1200 799 1253 mortarium
837 1200 1037 1268 piperis
1077 1199 1337 1267 scripulos
1376 1201 1465 1252 VI.
1516 1199 1788 1253 suffundes
1827 1201 1994 1267 liqua-

402 1291 539 1342 men,
563 1273 796 1341 fricabiS,
821 1280 1012 1342 postea
1036 1273 1236 1327 adicies
1263 1274 1563 1340 liquaminis
1593 1274 1784 1327 ciatum
1814 1291 1990 1341 unum,

401 1348 509 1401 vini
549 1349 743 1402 ciatum
782 1365 955 1421 unum.
996 1349 1170 1401 mittes
1208 1348 1261 1400 in
1304 1350 1594 1401 caccabum
1633 1353 1688 1400 ut
1728 1348 1831 1402 olei
1871 1365 1988 1403 unc.

402 1424 500 1475 III.
545 1427 597 1476 et
633 1421 863 1475 hostrea.
908 1438 1235 1490 oenogarum
1275 1420 1442 1475 facies
1481 1422 1706 1476 fervere.
1753 1440 1868 1477 cum
1891 1423 1991 1477 fer-

401 1496 587 1564 vuerit,
629 1496 866 1565 patinam
904 1497 1193 1566 perunguis
1236 1501 1288 1550 et
1323 1496 1376 1549 in
1414 1497 1634 1565 pulpam
1658 1497 1990 1566 suprascrip-

1240 1660 1266 1701 2
1299 1663 1345 1702 et
1377 1659 1416 1701 8.
1452 1663 1666 1703 aurata
1696 1663 1748 1703 ut
1767 1658 1867 1702 473.
1886 1658 1988 1704 474.

1238 1731 1319 1762 seu
1352 1723 1498 1769 orata,
1531 1718 1656 1763 Fest.
1688 1718 1734 1761 in
1765 1731 1867 1762 voc.
1898 1718 1989 1763 Xe-

490 1657 552 1702 ad
586 1658 685 1706 149.
725 1658 978 1715 garceni
1010 1672 1147 1703 oeno-

401 1718 502 1775 gari
549 1717 623 1763 43.
671 1717 909 1762 caroeni
955 1731 1052 1773 par.
1101 1722 1149 1762 et

400 1778 532 1822 Hum.
568 1778 635 1821 sic
665 1777 847 1821 variant
863 1776 933 1819 43.
970 1776 1144 1821 of.147.

402 1850 428 1881 c
440 1850 467 1881 o
481 1850 509 1880 n
523 1836 633 1880 diti
653 1837 746 1880 vini
764 1835 938 1891 pipere,
950 1836 1086 1881 melle
1100 1842 1147 1880 et

400 1896 503 1940 aliis
521 1895 743 1940 odoribus
761 1895 1023 1939 concinnati
1049 1897 1146 1939 119.

402 1955 499 1999 258.
534 1955 634 1998 383.
664 1955 779 1998 Plin.
816 1954 885 2004 14,
922 1955 1029 1999 108:
1051 1972 1143 2008 μυ-

402 2019 561 2071 ρινίτου
584 2027 666 2059 seu
681 2018 864 2070 μυρίπνου
885 2015 1019 2064 οἴνου,
1037 2015 1149 2058 Hel*-

400 2086 537 2118 mann
571 2073 647 2118 Gr.
682 2073 924 2117 Privatalt.
958 2077 993 2125 ξ.
1018 2071 1147 2125 ‘26‚81

400 2134 442 2178 9.
475 2132 629 2177 Niclas
662 2132 725 2177 ad
758 2132 967 2188 Geopon.
1002 2134 1043 2184 8,
1076 2134 1146 2176 31.

401 2191 456 2236 cf.
492 2205 638 2248 comp.
676 2194 715 2236 1.

489 2251 550 2295 ad
584 2251 682 2295 150.
726 2251 933 2306 pisciculi
967 2251 1088 2296 cocti
1120 2263 1149 2294 a

402 2310 590 2356 Graecis
610 2308 765 2364 ἕψητοὶ
785 2311 1011 2362 dicuntur,
1040 2311 1146 2354 Mei-

398 2369 519 2415 neke
562 2369 623 2414 ad
665 2369 876 2425 Alciphr.
917 2383 961 2424 p.
994 2370 1064 2412 86.
1093 2395 1147 2401 -

400 2428 742 2473 transferes
774 2434 827 2473 ut
846 2429 944 2472 139.
979 2433 1150 2473 cocta

398 2488 576 2544 patella
606 2488 635 2531 i.
658 2502 697 2533 e.
731 2502 803 2533 res
832 2489 878 2531 in
911 2500 1011 2533 eam
1043 2488 1148 2532 mis-

398 2560 491 2592 sae.
525 2547 681 2591 malim
730 2553 974 2592 coctum.

488 2607 549 2650 ad
565 2607 661 2650 151.
697 2607 902 2651 dentix
919 2620 1000 2650 seu
1019 2606 1148 2651 den-

398 2670 499 2711 tex
532 2670 584 2710 ut
614 2665 714 2710 471.
752 2666 902 2710 Ovidii
935 2665 1025 2709 hal.
1048 2667 1145 2710 108.

397 2723 1012 2828 ⁸³³5¹¹⁰⁶⁰¹1tlae157⁰⁰3⁶1⁶2⁰²²³

401 2803 422 2826 ο
457 2802 541 2835 ους,
750 2818 760 2828 .
823 2818 833 2836 ,
956 2818 966 2829 ,
1019 2799 1151 2824 συνα-

398 2847 500 2900 γρὶς,
545 2844 796 2889 hodiernae
836 2844 1002 2888 Italiae
1044 2844 1151 2888 den-

399 2903 509 2955 tale,
554 2902 719 2948 Okenii
760 2915 923 2959 sparus
965 2903 1150 2955 dentex,

400 2962 692 3009 zahnbrasse.
729 2962 784 3009 cf.
822 2962 997 3008 Colum.
1017 2964 1059 3016 8,
1079 2963 1147 3017 16,

1237 1776 1464 1832 nophanis
1511 1789 1584 1833 ap.
1638 1777 1801 1821 Idelcr.
1849 1777 1986 1833 Corp.

1237 1836 1398 1880 medic.
1439 1838 1458 1878 1
1492 1849 1534 1891 p.
1573 1837 1669 1880 125.
1711 1840 1759 1880 et
1791 1835 1987 1880 aliorum

1235 1894 1497 1951 χρυσόφρυς,
1540 1907 1568 1938 a
1606 1895 1864 1951 superciliis
1909 1908 1987 1940 au-

1237 1954 1327 1998 reis
1375 1954 1526 1998 dictus
1573 1955 1728 2010 piscis,
1787 1954 1894 2010 quia
1942 1954 1987 1997 in

1242 2014 1395 2069 capite
1437 2013 1538 2057 auri
1581 2014 1798 2058 colorem*
1831 2012 1988 2065 habet,

1240 2073 1308 2116 ait
1338 2072 1547 2117 Isidorus
1580 2074 1648 2124 12,
1682 2074 1723 2124 6,
1750 2073 1789 2115 6.
1825 2085 1987 2127 sparus

1239 2136 1403 2175 aurata
1421 2132 1516 2175 Lin.
1536 2131 1826 2187 goldbrasse‚
1855 2131 1990 2187 gold—

1238 2191 1386 2236 butte.
1421 2204 1476 2235 eo
1510 2191 1758 2234 admodum
1791 2190 1991 2235 delecta-

1238 2255 1336 2295 tum
1375 2249 1585 2306 Sergium
1629 2250 1827 2305 indeque
1884 2263 1990 2305 cog-

1237 2310 1522 2353 nominatum
1543 2308 1774 2352 Auratam
1792 2308 1867 2352 vel
1883 2308 1991 2353 Ora-

1240 2373 1336 2412 tam
1380 2368 1539 2412 dicunt
1577 2372 1773 2419 veteres,
1816 2368 1897 2410 Ian
1929 2367 1991 2411 ad

1239 2427 1442 2471 Macrob.
1484 2432 1569 2471 sat.
1609 2429 1651 2478 3,
1687 2428 1755 2478 15,
1789 2428 1830 2471 2.
1874 2440 1990 2470 mu-

1240 2487 1324 2543 gil
1357 2491 1408 2530 ut
1439 2486 1690 2531 436-438.
1735 2486 1878 2542 mugil
1919 2499 1989 2530 ce-

1239 2545 1421 2601 phalus,
1454 2546 1554 2589 ital.
1590 2544 1738 2590 cefalo
1783 2550 1830 2589 et
1861 2558 1988 2600 mug-

1240 2606 1361 2661 gine‚
1405 2618 1545 2660 germ.
1590 2603 1898 2649 meeraesche.
1936 2629 1988 2633 ψ-

1242 2677 1267 2708 0
1278 2677 1306 2708 3
1319 2679 1340 2707 r
1352 2678 1381 2720 p
1396 2677 1420 2708 e
1431 2677 1459 2707 a
1471 2677 1492 2707 s
1510 2665 1578 2708 96.
1612 2664 1780 2719 pulpas
1796 2662 1989 2718 piscium

1246 2728 1483 2768 coctorum
1531 2735 1795 2778 concerpas‚
1848 2722 1989 2777 parti-
2073 2734 2075 2737 ·

1244 2782 1432 2826 culatim
1451 2782 1682 2826 concidas.
1717 2807 1768 2811 —-
1807 2785 1991 2835 „ostrea

1243 2844 1428 2888 curare“
1477 2847 1548 2886 est
1584 2840 1872 2897 sphondylos
1911 2841 1988 2884 de-

1239 2914 1363 2946 mere
1407 2906 1454 2946 et
1493 2901 1659 2957 pulpas
1699 2902 1796 2946 sive
1830 2912 1988 2944 carnes

1239 2961 1403 3008 molles
1446 2963 1547 3006 usui
1590 2973 1787 3015 servare,
1833 2964 1989 3007 ostrea
