2098 3470
693 302 791 350 Lib.
825 302 902 348 IV.
950 300 1222 348 Pandectes.
1672 297 1736 356 91

152 438 351 493 urticas
391 440 622 493 marinas
661 441 798 494 bene
821 440 975 492 lotas.
1018 439 1206 493 mittes.
1248 436 1383 493 haec
1415 436 1591 491 omnia
1622 454 1738 491 cum

152 520 304 568 cocta
344 515 551 581 fuerint,
593 521 733 569 teres
760 515 932 584 piper,
973 513 1274 582 ligisticum,
1318 512 1612 580 origanum,
1652 513 1740 566 sri-

151 589 319 655 cabiS,
372 590 640 656 liquamen
680 589 969 655 suffundes,
1023 590 1105 642 ius
1156 588 1223 641 de
1264 603 1359 639 suo
1401 587 1516 639 sibi.
1560 587 1740 641 exina-

149 663 263 716 nies
303 664 357 715 in
400 666 702 717 caccabum.
760 681 875 716 cum
925 663 1193 729 fervuerit,
1246 665 1471 714 tractam
1512 662 1739 715 confrin-

149 754 264 804 geS,
308 738 535 805 obligas,
578 755 695 791 cum
734 738 1002 804 fervuerit,
1054 738 1243 805 agitas.
1298 735 1453 807 piper
1491 735 1740 809 aspargis

150 817 201 865 et
238 811 448 866 inferes.

265 888 385 938 172.
428 886 724 939 Minutal
764 886 1219 939 terentinum:
1263 883 1517 939 concides
1544 885 1598 938 in
1622 901 1738 938 cac-

151 961 340 1013 cabum
381 961 628 1014 albamen
668 959 736 1013 de
760 960 932 1028 porris
963 959 1271 1023 minutatim,
1314 958 1517 1013 adicies
1547 960 1738 1024 oleum,

147 1034 418 1101 liquamen
460 1039 672 1087 coctura
713 1034 920 1088 isiciola
959 1034 1118 1087 valde
1159 1035 1360 1086 minuta
1401 1039 1454 1087 et
1492 1034 1569 1087 sic
1609 1039 1740 1086 tem-

148 1125 308 1179 peras
350 1114 405 1161 ut
442 1114 683 1163 tenerum
723 1108 802 1161 sit.
843 1141 909 1148 -—
950 1109 1156 1163 isicium
1196 1108 1513 1160 terentinum
1553 1108 1739 1174 facies,

145 1183 282 1236 inter
320 1183 525 1237 isiciam
567 1182 954 1237 confectionem
994 1183 1237 1237 invenies
1271 1214 1351 1235 -—.
1394 1182 1475 1236 ius
1515 1183 1622 1236 tale
1662 1181 1739 1234 fa-

148 1257 285 1310 cies:
327 1258 482 1326 piper
509 1257 811 1325 ligisticum,
855 1259 1148 1325 origanum,
1189 1256 1422 1324 fricabiS,
1466 1256 1740 1310 suffundes

146 1331 436 1400 liquamen,
477 1332 559 1384 ius
601 1332 668 1385 de
710 1349 805 1384 suo
848 1332 964 1399 sibi,
1018 1332 1140 1384 vino
1183 1337 1234 1385 et
1272 1348 1434 1400 passo
1475 1336 1739 1400 tempera·
1804 1367 1811 1376 ·

149 1406 243 1458 bis.
305 1406 479 1459 mittes
537 1407 591 1458 in
653 1408 958 1460 caccabum.
1022 1424 1139 1460 cum
1197 1405 1465 1459 fervuerit.
1516 1410 1739 1459 tractam

149 1479 470 1547 confringes,
515 1480 737 1547 obligas,
782 1481 937 1548 piper
975 1481 1221 1549 aspargis
1263 1485 1315 1533 et
1352 1480 1568 1534 inferes,

263 1555 382 1607 173.
425 1554 727 1606 Minutal
759 1555 1187 1624 apicianum:
1231 1556 1422 1622 oleum,
1450 1555 1737 1621 liquamen,

146 1627 340 1693 vinum,
395 1645 608 1699 porrum
651 1628 956 1697 capitatum,
1012 1634 1260 1695 mentam,
1310 1629 1612 1699 piscicuIOS,
1652 1628 1740 1682 isi-

147 1765 241 1804 tes
274 1761 334 1804 ad
366 1762 531 1817 ignem.
566 1786 618 1791 —ss
653 1762 709 1806 in
742 1767 793 1807 ut
820 1763 900 1808 ab·

146 1824 357 1875 sorptum
400 1825 508 1865 ante
560 1825 801 1874 „coctura“
854 1828 901 1868 et

150 1880 248 1923 172.
285 1880 381 1923 174.
419 1881 514 1924 175.
546 1882 642 1924 177.
678 1881 787 1926 olim
820 1883 900 1927 ad-

148 1939 244 1983 didi
267 1952 322 1983 ex
338 1941 357 1982 1
376 1944 424 1983 et
437 1940 535 1984 161.
551 1941 705 1984 289.at
723 1940 778 1985 cf.
798 1943 897 1986 399.

145 1998 246 2042 400.
272 2024 321 2028 —
344 2000 690 2056 concapitis
712 2017 747 2055 γ.
778 2015 897 2046 cum

144 2058 364 2112 cepisC.
401 2072 520 2102 cum
554 2061 795 2116 caparis
827 2062 897 2105 ed.

145 2132 211 2173 pr.
257 2118 379 2162 unde
426 2118 561 2162 Hum.
607 2118 718 2163 fecit
762 2134 899 2165 con-

145 2177 351 2278 celipis
394 2177 438 2220 in
484 2177 634 2248 frusta
679 2180 897 2282 cogcidis.

146 2262 198 2266 —-
252 2248 399 2280 acuna
433 2250 552 2292 quae
595 2252 638 2281 1n
680 2252 733 2282 co
772 2271 780 2281 .
817 2256 841 2279 κ
871 2252 900 2283 a

143 2300 181 2348 ξ.
202 2296 272 2338 70.
307 2301 380 2339 est
412 2295 486 2339 hic
509 2293 646 2341 finem
664 2297 821 2342 habet.
844 2323 896 2329 —

146 2354 397 2410 obligas
440 2369 495 2399 ex
540 2369 595 2400 ea
626 2362 779 2401 tracta
814 2357 899 2400 174

146 2414 304 2456 m177.
355 2437 412 2444 ——
456 2428 578 2458 cum
612 2415 752 2460 ferv.
798 2421 897 2459 tan-

146 2484 283 2526 quam
367 2474 598 2528 superflua
676 2476 897 2530 expunxit

144 2531 279 2574 Hum.
324 2536 372 2574 et
402 2545 488 2575 om.
533 2533 553 2580 ζ
591 2537 643 2576 ut
689 2535 892 2589 „agitas“

144 2594 191 2633 et
224 2594 374 2633 totam
409 2596 445 2643 ξ.
472 2592 570 2636 172.
607 2617 659 2621 »-
694 2594 896 2648 agitas

143 2650 356 2704 coagitas
391 2663 493 2693 cum
526 2652 735 2706 impensa
758 2665 898 2707 supra

141 2708 314 2762 scripta
350 2709 444 2751 173.

231 2767 291 2810 ad
326 2768 424 2811 172.
456 2782 625 2813 nomen
658 2769 801 2814 habet
833 2771 892 2813 ab

140 2826 271 2869 isicio
305 2828 535 2871 terentino
576 2841 610 2871 s.
645 2829 893 2880 tarentino,

140 2884 198 2928 de
232 2898 323 2940 quo
357 2886 517 2930 docuit
549 2887 619 2930 53.
647 2913 698 2917 --
733 2888 894 2931 alba·

140 2956 264 2986 men
297 2944 365 2987 59.
389 2970 439 2975 --
461 2946 555 2988 vel
590 2946 728 2991 dem.
756 2947 891 2991 codd.

997 1762 1235 1806 —inter
1265 1762 1447 1806 isicia
1480 1762 1582 1806 cod.
1601 1779 1639 1816 γ.
1672 1775 1740 1806 re-

992 1822 1220 1879 liquorum
1254 1822 1532 1866 adiectivum
1568 1826 1615 1867 et
1639 1822 1739 1866 138.

992 1883 1058 1926 sic
1081 1882 1201 1926 inter
1217 1881 1400 1937 lepores
1420 1882 1518 1926 177.
1553 1882 1741 1927 demon-

991 1941 1239 1985 strabimus
1257 1942 1376 1985 inter
1389 1941 1594 1993 arbores,
1621 1941 1737 1985 Plin.

994 2001 1064 2052 14,
1108 2001 1204 2043 127.
1250 2001 1455 2044 dicemus
1498 2002 1618 2046 inter
1649 2014 1742 2045 me-

993 2061 1124 2104 dicas
1159 2062 1227 2111 19,
1266 2061 1364 2103 128.
1414 2060 1486 2111 24,
1519 2061 1588 2104 81.
1623 2062 1743 2106 inter

992 2118 1182 2164 frutices
1226 2120 1297 2170 20,
1343 2120 1441 2163 165.
1487 2120 1532 2163 in
1575 2120 1740 2164 harun-

991 2179 1098 2223 dine
1133 2179 1202 2231 17,
1238 2180 1337 2223 153.
1370 2179 1416 2222 in
1444 2180 1645 2224 metallis
1668 2182 1740 2231 29,

993 2239 1092 2282 118.
1125 2239 1171 2281 in
1204 2239 1350 2283 oculis
1382 2240 1453 2289 32,
1490 2240 1587 2283 136.
1622 2240 1742 2288 sicut

990 2299 1034 2341 in
1069 2298 1315 2353 pecoribus
1347 2299 1587 2353 proposui,
1621 2299 1738 2344 Cels.

990 2359 1031 2408 5,
1066 2357 1137 2408 28,
1174 2358 1239 2400 16.
1290 2358 1334 2400 in
1380 2357 1510 2402 libris
1542 2359 1741 2414 agricul-

991 2421 1137 2460 turae.
1160 2443 1206 2446 —
1232 2420 1325 2459 tra
1344 2421 1439 2460 cta
1454 2417 1590 2461 codd.
1610 2431 1740 2473 prae-

987 2480 1059 2519 ter
1070 2476 1141 2519 ed.
1156 2489 1222 2530 pr.
1235 2480 1282 2519 et
1295 2476 1427 2519 Hum.
1445 2501 1488 2505 —
1513 2477 1740 2522 excidisse

987 2535 1173 2578 videtur
1208 2535 1412 2590 „agitas“
1450 2535 1550 2578 171.

1078 2593 1140 2636 ad
1160 2594 1257 2637 173.
1293 2594 1503 2638 codicum
1538 2607 1740 2650 capro-

988 2665 1115 2695 num
1165 2657 1237 2696 est
1292 2653 1367 2696 vel
1426 2665 1739 2708 caprorum

989 2710 1219 2755 hircorum
1243 2716 1627 2764 excastratorum‚
1661 2712 1738 2761 §uf

989 2774 1164 2819 τομίων,
1207 2770 1282 2814 vel
1316 2783 1608 2825 caponum
1640 2773 1740 2829 gal-

988 2829 1267 2873 linaceorum
1302 2830 1636 2885 saginatorum‚
1670 2846 1740 2877 se-

985 2889 1242 2931 mimarium
1264 2901 1497 2943 caporum,
1533 2891 1611 2946 qui
1629 2891 1737 2935 olim

986 2947 1123 2991 aliter
1170 2948 1495 2992 castrabantur
1539 2951 1737 2995 testibus
