2098 3470
666 301 764 347 Lib.
800 300 901 346 VII.
965 298 1202 345 Politeles.

1629 294 1733 350 135

262 437 385 489 265.
442 437 719 493 Ofellas
760 435 1152 491 Ostienses:
1194 435 1248 488 in
1289 431 1501 486 chillam
1556 430 1732 498 desig-

146 527 279 563 nans
321 513 509 566 ofellas
548 514 725 568 incute
763 513 837 565 ita
876 517 932 564 ut
973 511 1104 563 cutis
1145 509 1221 563 sic
1260 512 1549 562 remaneat.
1591 513 1734 563 teres

148 584 320 651 piper,
362 588 663 655 ligisticum‚
705 592 936 654 anetum,
980 584 1244 648 ciminum,
1295 582 1501 648 silfium,
1544 583 1734 636 bacam

146 659 278 710 lauri
319 678 499 727 unam,
540 661 798 714 suffundis
838 660 1125 726 liquamen,
1175 657 1351 710 fricas
1405 656 1461 709 in
1513 658 1733 724 angula-

144 748 257 785 rem
297 735 536 788 refundis
576 736 732 788 simul
772 751 891 787 cum
931 732 1120 786 ofellis,
1168 731 1255 784 ubi
1292 730 1648 796 requieverint
1681 732 1735 784 in

147 807 498 862 condimentis
538 809 699 862 biduo
741 809 829 861 vel
868 806 1059 872 triduo,
1112 804 1330 873 promiS‚
1385 805 1589 857 surclas
1643 804 1735 858 de-

147 882 369 935 cusatim
422 887 475 935 et
510 882 565 934 in
617 882 827 934 furnum
879 881 1055 934 mittis.
1111 897 1229 934 cum
1283 877 1493 932 coxeris
1547 877 1735 932 ofellas

146 970 277 1022 quas
318 955 688 1010 destinaveras
728 955 1023 1024 separabis.
1067 958 1119 1007 et
1157 958 1299 1006 teres
1333 952 1506 1022 piper,
1548 952 1733 1019 ligisti-

145 1046 280 1096 cum,
342 1029 602 1083 suffundis
641 1030 909 1097 liquamen
970 1033 1022 1082 et
1077 1044 1296 1096 passum
1355 1025 1621 1080 modicum
1681 1031 1738 1080 ut

145 1167 202 1206 to
264 1162 449 1218 legitur,
513 1176 631 1218 quae
690 1163 894 1207 varietas

146 1222 285 1266 etiam
321 1222 404 1264 112
449 1225 496 1265 et
527 1221 722 1267 Varron.
758 1223 807 1265 L.
842 1222 893 1265 L.

146 1281 186 1331 5,
220 1281 276 1323 22
309 1294 352 1335 p.
389 1280 486 1323 116.
532 1282 610 1326 ubi
647 1294 895 1337 augumen-

145 1343 241 1383 tum
260 1339 305 1382 in
323 1343 520 1395 utroque
548 1341 685 1396 paris.
713 1341 897 1384 videtur

146 1403 457 1453 magmentum
491 1412 607 1451 esse,
650 1399 896 1455 pinguissi-

145 1472 266 1501 mum
313 1458 580 1504 intestinum
623 1459 697 1503 vel
741 1464 896 1503 extum

145 1517 302 1573 sicque
336 1517 520 1561 differre
538 1517 597 1561 ab
618 1523 804 1562 omento
822 1517 895 1561 40.

144 1575 216 1619 43.
261 1576 359 1618 292.
423 1575 538 1619 Iahn
580 1578 791 1633 prolegg.
836 1577 897 1620 ad

145 1635 276 1678 Pers.
306 1648 349 1689 p.
373 1634 540 1678 XVIII.
560 1636 682 1679 XIX.
703 1662 756 1668 —
778 1649 893 1692 gra-

147 1694 242 1737 tic.
277 1697 378 1743 βθκ.
414 1695 510 1737 261.

235 1753 296 1795 ad
320 1752 418 1796 265.
455 1752 651 1798 Ofella
683 1767 784 1797 cum
816 1767 896 1797 no-

147 1811 268 1855 mine
312 1812 586 1857 detruncato
623 1812 730 1862 offa,
776 1812 895 1856 unde

148 1870 293 1914 offula
355 1870 562 1925 (Sueton.
613 1871 773 1915 Claud.
823 1871 893 1914 40.

146 1929 345 1973 Macrob.
392 1935 479 1973 sat.
517 1931 557 1982 7,
590 1930 631 1982 8,
663 1930 703 1973 4.
751 1931 791 1980 3,
828 1930 896 1980 17,

149 1990 217 2031 11.
253 2002 354 2032 cum
387 1989 566 2033 duabus
599 1989 740 2033 costis
764 1989 895 2032 Varr.

148 2048 188 2097 2,
221 2047 263 2097 4,
298 2048 366 2092 11.
414 2049 561 2092 carnis
605 2048 779 2092 Colum.
827 2048 895 2097 12,

144 2106 214 2154 55,
261 2105 303 2148 4.
339 2106 417 2154 al.)
453 2107 660 2151 eiusdem
692 2105 896 2150 familiae

143 2165 328 2208 videtur
372 2166 499 2209 cuius
542 2166 751 2210 sanserit.
796 2179 895 2209 ver-

142 2224 251 2267 bum
283 2224 379 2278 pall
413 2237 514 2268 cum
548 2224 794 2279 participio
813 2238 894 2279 pu-

142 2282 227 2332 las,
260 2295 411 2337 graec.
449 2285 550 2336 φέλα
569 2288 616 2327 et
637 2284 778 2335 φέλλα,
796 2284 894 2328 sine

144 2341 427 2396 aspiratione
448 2344 551 2381 πέλα
569 2347 615 2386 et
635 2343 777 2390 πέλλα,
795 2344 891 2392 βῶ-

145 2400 215 2445 λος
246 2399 397 2450 bolus,
436 2401 557 2444 unde
589 2401 687 2444 boll
720 2406 767 2444 et
798 2401 894 2444 ball

144 2461 192 2501 et
235 2462 307 2501 est
349 2457 444 2503 fere
477 2459 645 2515 globus
677 2459 893 2515 globulus

143 2516 218 2559 vel
252 2516 500 2568 orbiculus,
551 2518 721 2571 „offula
752 2519 893 2572 parti-

144 2575 247 2618 cula
279 2588 306 2617 a
339 2577 628 2620 rotunditate
667 2576 891 2621 collecta“

142 2633 450 2677 Hildebrandi
485 2635 689 2679 Glossar.
724 2649 772 2690 p.
793 2636 892 2678 226.

144 2692 190 2735 in
224 2705 474 2748 coquorum
504 2694 663 2750 lingua
691 2707 799 2749 pars
819 2694 895 2738 de-

144 2750 328 2795 licatior
359 2753 453 2796 suis
485 2758 567 2796 aut
606 2753 741 2797 bovis
785 2753 894 2804 (Ma-

145 2809 269 2853 crob.
317 2810 356 2861 7,
401 2811 442 2862 8,
474 2811 519 2863 4)
569 2810 718 2856 forma
765 2811 895 2867 globi

145 2867 353 2912 abscissa
394 2870 467 2912 vel
515 2870 561 2912 in
610 2883 710 2914 eam
758 2883 894 2913 manu

146 2927 318 2980 efficta,
352 2926 546 2972 frustum
572 2929 778 2974 dentium
810 2929 894 2975 Isi-

987 1160 1084 1205 dor.
1122 1161 1193 1211 20,
1226 1160 1269 1210 2,
1302 1160 1373 1204 26.
1415 1159 1540 1215 quod
1573 1159 1737 1215 abseg-

985 1233 1088 1264 men
1122 1219 1358 1264 conditum
1389 1223 1436 1262 et
1456 1222 1638 1263 coctum
1656 1232 1737 1262 no-

987 1284 1084 1323 stro
1117 1279 1274 1323 edulio
1307 1278 1422 1322 haut
1439 1278 1648 1322 absimile
1667 1282 1739 1322 est

989 1339 1061 1382 cui
1093 1351 1259 1383 nomen
1283 1336 1736 1388 fleischkloesschen,

988 1397 1260 1453 kraepflein‚
1293 1397 1338 1440 in
1366 1397 1644 1452 simpliciore
1663 1410 1738 1440 cu-

988 1457 1083 1500 lina
1132 1458 1224 1500 cito
1285 1456 1586 1512 coquebatur,
1643 1456 1738 1499 Ma-

990 1516 1112 1560 crob.
1161 1517 1200 1565 7,
1233 1516 1274 1565 8,
1306 1515 1347 1559 4.
1394 1515 1498 1559 0011.
1538 1514 1737 1559 Martial.

990 1576 1059 1625 12,
1090 1574 1163 1626 48,
1199 1575 1266 1617 17.
1311 1574 1355 1617 in
1401 1574 1623 1617 craticula
1665 1587 1738 1617 su-

989 1635 1071 1678 dat
1098 1646 1170 1689 ap.
1205 1633 1402 1677 Martial.
1425 1633 1493 1684 14,
1512 1633 1611 1675 221.
1644 1646 1736 1676 non

989 1706 1126 1747 egere
1169 1692 1291 1737 ferro
1339 1692 1583 1736 structoris
1626 1692 1740 1736 dicit

990 1753 1059 1802 10,
1091 1752 1163 1804 48,
1199 1752 1266 1795 15.
1322 1751 1557 1795 difficilior
1587 1764 1738 1806 neque

988 1811 1145 1855 subita
1189 1815 1260 1854 est
1302 1809 1457 1865 Apici.
1502 1810 1562 1853 ad
1596 1810 1736 1853 offam

986 1870 1190 1925 penitam
1223 1869 1378 1913 Plauti
1408 1869 1504 1913 Mil.
1538 1869 1663 1913 Glor.
1694 1869 1736 1920 3,

989 1931 1028 1979 1,
1074 1928 1173 1972 164.
1219 1927 1274 1972 cf.
1320 1928 1442 1972 Fest.
1486 1929 1533 1972 in
1571 1941 1735 1981 penem

986 1992 1035 2031 et
1066 1986 1246 2032 Arnob.
1293 1988 1332 2037 7,
1366 1987 1434 2029 24.
1479 1988 1525 2030 in
1559 1986 1736 2031 deliciis

986 2045 1131 2090 fuisse
1164 2051 1351 2101 praeter
1383 2059 1464 2090 eos
1498 2046 1628 2090 locos
1657 2046 1736 2089 alii

986 2110 1218 2149 testantur
1265 2118 1338 2160 ap.
1372 2105 1616 2161 Bulenger.
1666 2105 1737 2149 De

987 2165 1165 2208 conviv.
1201 2166 1242 2215 2,
1278 2165 1345 2208 18.
1389 2164 1447 2208 de
1490 2164 1583 2207 alio
1622 2164 1736 2207 offa-

986 2237 1083 2266 rum
1145 2236 1315 2277 genere
1378 2236 1478 2266 cum
1536 2222 1738 2266 turunda

987 2283 1300 2337 comparando
1319 2282 1443 2326 alibi.
1466 2308 1516 2312 —-
1549 2295 1575 2325 0
1590 2282 1735 2325 tien-

986 2354 1082 2385 ses
1110 2339 1205 2394 βγὸ.
1240 2341 1442 2385 ociens
1463 2354 1521 2384 es
1547 2344 1649 2384 θκπ.
1669 2340 1737 2384 sic

985 2400 1044 2444 ab
1088 2400 1179 2443 alio
1220 2400 1326 2443 loco
1374 2400 1610 2443 luxurioso
1654 2413 1735 2454 pu-

985 2459 1198 2503 teolanas
1232 2458 1382 2502 dictas
1414 2458 1558 2502 habes
1590 2459 1635 2501 in
1659 2472 1734 2503 ve-

985 2522 1084 2561 tere
1141 2518 1355 2561 lemmate
1411 2517 1573 2561 Caton.
1636 2518 1733 2559 162.

986 2576 1274 2631 tarpeianum
1307 2576 1472 2620 aedum
1495 2575 1614 2619 infra
1630 2576 1732 2619 367.

987 2661 1040 2666 -
1077 2635 1332 2679 obillam
1377 2633 1465 2678 feci
1506 2648 1562 2679 ex
1594 2634 1734 2678 libro-

985 2707 1084 2737 rum
1119 2692 1384 2744 ofillam‚
1419 2692 1528 2737 off.
1563 2706 1647 2736 os.
1687 2697 1734 2737 et

986 2752 1175 2796 verbum
1209 2752 1411 2796 incute
1442 2765 1527 2807 pro
1560 2752 1614 2795 in
1649 2765 1732 2796 cu-

986 2817 1055 2855 te.
1092 2836 1144 2840 4-
1180 2811 1467 2865 designas
1499 2810 1570 2855 ed.
1590 2824 1655 2865 pr.
1675 2810 1730 2853 H.

986 2869 1111 2913 obba
1153 2868 1267 2912 facit
1309 2869 1453 2913 obilla
1493 2874 1546 2912 ut
1586 2869 1733 2913 bucca

984 2928 1180 2973 buccula
1253 2923 1457 2979 bucella,
1534 2940 1733 2975 mamma
