2098 3470
381 318 451 371 86
909 319 1009 365 Lib.
1035 319 1112 364 IV.
1161 319 1435 366 Pandectes.

499 453 618 507 154.
679 453 923 508 Pisces
961 455 1187 508 frixos
1241 455 1598 522 cuiuscunque
1638 456 1849 522 generis
1890 456 1965 511 sic

380 528 577 583 facies:
630 532 774 604 teres
821 530 992 598 piper,
1046 529 1311 583 coriandri
1352 546 1549 595 semen,
1603 530 1789 582 lasaris
1829 530 1966 583 radi-

382 621 514 670 cem,
558 602 849 670 origanum,
890 609 1077 669 rutam,
1123 603 1390 669 cariotam,
1433 603 1705 656 suffundes
1741 609 1964 672 acetum,

383 679 573 744 oleum,
632 678 918 744 liquamen,
979 678 1181 731 adicies
1243 676 1533 731 defrictum.
1599 678 1732 731 haec
1792 679 1968 731 omnia

381 751 704 819 temperabis
747 756 798 804 et
835 751 890 803 in
927 753 1269 805 caccabulum
1301 752 1475 805 mittes
1511 756 1562 805 et
1587 752 1805 806 ferveat.
1850 770 1966 806 cum

382 824 711 891 calefeceriS,
755 825 973 879 eosdem
1007 826 1184 895 pisces
1219 824 1591 894 superfundes.
1635 842 1856 894 asparso
1889 827 1967 896 pi-

377 916 506 969 pere
548 904 599 952 et
636 899 848 953 inferes,

494 973 614 1026 155.
656 974 789 1027 Item
829 974 1008 1042 pisces
1048 972 1213 1026 frixos
1253 973 1330 1027 sic
1368 973 1565 1026 facies:
1615 979 1756 1026 teres
1796 974 1968 1042 piper,

376 1047 678 1116 ligisticum,
721 1048 910 1101 bacam
951 1049 1101 1114 lauri,
1145 1047 1481 1100 coriandrum
1518 1048 1786 1116 mellique,
1827 1048 1966 1114 vin0,

376 1138 539 1191 passo
597 1122 684 1175 vel
744 1138 971 1175 caroeno
1030 1126 1313 1190 temperas,
1378 1138 1575 1188 coques
1632 1122 1743 1188 igni
1807 1122 1966 1188 lent0,

380 1196 556 1249 amolo
599 1194 802 1249 oridiae
843 1196 1050 1264 obligas
1091 1200 1143 1248 et
1180 1195 1394 1248 inferes.

492 1269 613 1323 156.
674 1269 922 1323 Pisces
963 1286 1193 1322 assos:
1254 1273 1394 1323 teres
1442 1269 1613 1337 piper,
1667 1269 1967 1336 ligisticum,

378 1345 683 1411 satureiam,
729 1361 916 1412 cepam
947 1343 1162 1409 siccam,
1199 1343 1470 1396 suffundes
1499 1347 1724 1408 acetum,
1767 1342 1969 1397 adicies

378 1418 651 1485 cariotam,
694 1423 925 1485 anetum,
970 1434 1186 1470 ovorum
1227 1417 1424 1483 vitella,
1474 1418 1594 1483 mel,
1645 1422 1869 1483 acetum,
1911 1418 1968 1469 li-

377 1509 623 1560 quamen,
689 1492 879 1559 oleum,
937 1491 1231 1545 defrictum.
1273 1491 1408 1545 haec
1468 1490 1643 1543 omnia
1697 1491 1751 1543 in
1809 1508 1968 1544 unum

375 1566 541 1619 mixta
580 1565 890 1634 perfundes

414 1708 416 1710 ¹
493 1640 611 1694 157.
649 1640 893 1693 Pisces
921 1639 987 1691 in
1017 1640 1166 1692 eleo
1187 1655 1382 1706 garo:
1411 1638 1577 1705 friges
1605 1637 1798 1705 pisces,
1829 1643 1969 1691 teres

378 1715 549 1786 piper,
591 1713 893 1782 ligisticum,
933 1719 1119 1780 rutam,
1163 1712 1499 1766 condimenta
1532 1711 1739 1777 viridia,
1782 1729 1969 1782 cepam

375 1787 594 1856 siccam,
638 1787 841 1842 adicies
883 1805 949 1842 cx
990 1788 1108 1841 oleo
1149 1787 1417 1854 liquamen
1458 1791 1509 1840 et
1546 1786 1758 1840 inferes,

373 1951 535 1995 diam
587 1954 782 2007 partem,
831 1949 1022 1994 dimidio
1054 1950 1134 1993 mi-

374 2024 461 2055 nus
497 2023 636 2067 quam
665 2010 906 2054 cuminum.
943 2009 1135 2053 oridia

378 2082 522 2128 oryza
553 2070 624 2114 52.

466 2188 528 2232 ad
562 2187 662 2232 154.
719 2187 1134 2243 cuiuscunque

375 2261 503 2305 gen.
533 2246 630 2291 143.
667 2272 720 2277 ——
754 2246 995 2290 radices
1029 2247 1131 2290 cod.

377 2307 435 2351 cf.
469 2308 539 2351 37.
580 2307 676 2349 191.
712 2306 813 2349 372.
850 2305 1025 2349 Colum.
1064 2307 1132 2356 12,

377 2367 449 2418 59,
466 2366 507 2409 4.
529 2379 585 2411 ex
618 2365 748 2409 cuius
770 2365 839 2416 12,
860 2365 898 2415 7,
917 2366 957 2407 4.
996 2377 1133 2419 „pau-

377 2438 455 2470 cas
505 2425 740 2469 radiculas
796 2423 958 2467 laseris
1007 2423 1133 2478 quod

377 2485 545 2529 Graeci
577 2485 743 2536 σίλφιον
775 2486 948 2526 vocant
980 2482 1129 2525 adici“

378 2544 559 2588 codicis⁴
585 2542 726 2586 lectio
748 2540 949 2587 fortasse
976 2539 1132 2585 defen-

377 2602 543 2647 denda.
594 2600 878 2645 defritum
929 2600 1030 2643 cod.
1077 2625 1130 2631 —

374 2660 755 2717 temperabis
787 2659 833 2702 in
865 2673 1003 2703 unum
1034 2659 1131 2702 155.

379 2720 479 2764 158.
524 2721 689 2763 misces
734 2718 832 2761 156.
878 2730 1131 2773 asparso

377 2779 480 2824 cod.
546 2779 703 2834 sicque
750 2777 922 2832 passim
970 2777 1058 2820 mei
1106 2790 1134 2820 a

378 2838 602 2893 simplicis
629 2840 819 2881 servant
835 2836 880 2879 in
898 2849 953 2880 eo
973 2835 1131 2887 verbo,

378 2898 501 2941 unde
535 2896 733 2947 servavi,
766 2895 887 2939 idem
912 2894 1024 2939 fecit
1047 2894 1132 2938 Sil-

377 2956 444 3015 lig
476 2956 520 2999 in
553 2955 669 2999 Plin.
705 2955 775 3006 20,
809 2954 877 2998 55.
921 2953 1127 3001 Hildebr.

1225 1949 1285 1992 ad
1319 1948 1462 2004 Apul.
1500 1949 1538 1991 1.
1571 1961 1616 2003 p.
1645 1948 1711 1991 18.
1742 1948 1847 1995 301.
1867 1948 1969 1992 302.

1313 2067 1372 2110 ad
1400 2067 1495 2110 155.
1530 2067 1890 2122 ligusticum
1924 2072 1972 2110 et

1223 2127 1386 2177 vinu,
1448 2138 1658 2181 passu,
1730 2138 1969 2176 carenu,

1223 2186 1415 2236 lentu,
1479 2185 1700 2235 amulo,
1773 2185 1971 2229 oridia

1225 2245 1326 2289 cod.
1361 2245 1410 2288 id
1441 2244 1511 2288 ius
1544 2257 1682 2299 super
1712 2244 1863 2299 pisces
1894 2243 1970 2286 fri-

1224 2317 1310 2348 xos
1342 2302 1551 2347 funditur
1595 2303 1691 2346 154.
1742 2304 1836 2346 156.
1873 2303 1957 2345 158

1225 2363 1348 2407 idem
1382 2361 1645 2406 faciendum
1681 2362 1776 2405 157.

1313 2421 1372 2464 ad
1409 2422 1504 2464 156.
1555 2421 1869 2477 saturegia
1901 2421 1970 2464 ci-

1225 2493 1347 2536 pam
1382 2480 1483 2524 cod.

1313 2539 1374 2582 ad
1408 2539 1505 2582 157.
1565 2540 1968 2593 inotogon0n‚

1224 2599 1283 2641 in
1332 2603 1595 2642 otocano
1645 2598 1745 2641 cod.
1790 2601 1838 2641 et
1872 2598 1966 2640 159.

1226 2669 1377 2701 meum
1416 2657 1736 2713 „eleogarum“
1781 2660 1853 2700 cst
1889 2668 1969 2711 ga-

1224 2730 1323 2760 rum
1356 2729 1437 2760 seu
1480 2716 1709 2771 liquamen
1750 2728 1806 2758 ex
1849 2715 1966 2758 oleo.

1225 2789 1290 2819 ex
1323 2775 1593 2829 absorptum
1612 2774 1773 2817 addidi
1792 2787 1847 2817 ex
1866 2773 1968 2816 400.

1223 2835 1289 2878 sic
1336 2834 1454 2878 enim
1504 2833 1671 2877 medici
1718 2833 1970 2888 loquuntur

1222 2894 1268 2936 in
1286 2892 1495 2936 mixturis
1517 2892 1790 2941 indicandis,
1823 2892 1968 2946 liqua-

1222 2965 1323 2997 men
1359 2951 1462 2995 oleo
1495 2952 1686 2999 mixtum
1719 2951 1819 2998 250.
