2098 3470
645 305 744 352 Lib.
778 305 857 351 IV.
907 305 1182 352 Pandectes.
1629 303 1699 359 89

114 439 373 508 gistieum,
428 439 517 509 api
569 456 751 494 semen
804 444 856 495 et
893 439 1085 494 fundes
1132 443 1358 507 acetum,
1410 438 1697 508 liquamen,

115 532 335 568 ovorum
366 514 547 568 vitella
577 520 628 569 et
653 515 817 568 mixta
843 516 897 567 in
923 531 1086 580 unum·
1108 513 1384 583 perfundis
1414 519 1465 568 et
1483 513 1697 570 inferes·

232 590 345 642 164.
403 589 648 643 Pisces
691 589 944 642 elixos:
1003 593 1144 642 teres
1183 588 1353 658 piper,
1394 588 1696 655 ligisticum,

108 663 195 731 api
230 680 430 729 semen,
473 663 766 730 origanum,
809 662 1083 715 suffundes
1109 667 1334 728 acetum,
1376 662 1578 716 adicies
1605 678 1698 714 nu-

110 737 252 790 cleos
293 737 497 805 pineOS,
541 736 795 790 cariotam
836 735 976 803 quod
1014 737 1141 789 satis
1183 737 1266 804 sit,
1306 736 1427 804 mel,
1469 741 1697 804 acetum,

106 810 389 879 liquamen,
431 811 631 881 sinape.
676 810 1001 879 temperabis
1043 815 1096 864 et
1134 810 1312 865 uteris,

222 886 341 938 165.
383 885 635 938 Patina
668 886 1012 938 solearum
1049 902 1128 938 ex
1163 885 1334 938 ovis:
1370 883 1546 951 radeS,
1575 901 1698 953 pur-

106 975 221 1025 gaS,
277 960 535 1027 conponis
586 959 640 1011 in
678 959 879 1027 patina,
924 958 1126 1012 adicies
1166 959 1450 1026 liquamen,
1506 959 1697 1025 oleum,

106 1033 299 1099 vinum,
349 1032 663 1087 fasciculum
700 1034 845 1101 porri
887 1038 938 1087 et
978 1033 1242 1086 coriandri
1282 1050 1482 1087 semen.
1537 1032 1698 1100 mittis

105 1112 161 1160 ut
188 1112 459 1174 coquatur.
502 1113 641 1161 teres
669 1108 823 1177 piper
850 1107 1133 1174 modicum,
1176 1108 1469 1175 origanum,
1501 1107 1697 1161 suffun-

107 1181 187 1235 dis
239 1181 318 1234 ius
369 1181 436 1235 de
489 1199 583 1235 suo
633 1182 748 1248 sibi,
803 1181 1005 1236 adicies
1061 1182 1251 1250 vinum,
1304 1181 1492 1236 decem
1533 1180 1699 1235 cruda

109 1273 210 1308 ova
250 1255 511 1309 dissolves
553 1260 604 1309 et
641 1255 696 1308 in
734 1272 894 1308 unum
937 1272 1128 1324 eorpus
1169 1256 1351 1310 fac-ies,
1394 1256 1606 1310 traicies
1644 1256 1699 1309 in

107 1330 344 1397 patinam
395 1346 556 1398 super
605 1330 796 1383 soleas.
853 1330 923 1382 ad
974 1330 1155 1397 ignem
1194 1331 1393 1384 lentum
1432 1347 1604 1399 pones
1643 1335 1700 1383 ut

107 1403 378 1469 decoquat
419 1409 470 1457 et
510 1421 626 1457 cum
670 1404 894 1471 duxerit,
935 1404 1090 1472 piper
1128 1404 1390 1476 aspargis

218 1479 342 1530 166.
384 1478 641 1531 Patina
676 1478 755 1531 de
790 1478 1021 1531 sorbis
1062 1479 1295 1532 calida
1331 1484 1392 1532 et
1420 1477 1695 1546 frigida:

105 1551 340 1622 accipies
369 1552 542 1618 sorba,
585 1568 801 1622 purgaS,
841 1552 895 1604 in
922 1553 1171 1604 mortario
1206 1552 1438 1620 fricabiS,
1480 1570 1577 1621 per
1611 1569 1699 1606 co-

106 1625 212 1676 lum
273 1626 488 1678 celabis,
552 1627 819 1679 cerebella
878 1627 1158 1679 enervabis
1218 1631 1467 1693 quattuor
1527 1631 1695 1693 cocta,

105 1699 279 1752 mittes
318 1700 372 1751 in
411 1699 733 1766 mortarium,
775 1700 978 1771 piperis
1018 1701 1278 1772 scripulos
1311 1702 1457 1755 VIII.
1500 1701 1697 1754 suffun-

104 1772 200 1826 des
242 1774 526 1840 liquamen,
567 1774 804 1832 fricabiS.
841 1774 1044 1828 adicies
1078 1776 1253 1841 sorba,
1294 1775 1349 1827 in
1377 1792 1436 1829 se
1465 1780 1696 1829 contem-

102 1847 331 1917 perabiS,
373 1847 592 1915 franges
633 1865 734 1901 ova
772 1849 916 1901 VIII.
973 1848 1176 1902 adicies
1223 1850 1418 1902 ciatum
1458 1849 1696 1916 liquami-

101 1922 182 1973 nis
223 1938 398 1974 unum.
440 1922 677 1992 patinam
716 1922 967 1975 mundam
1007 1940 1312 1993 perungues
1348 1929 1401 1977 et
1424 1925 1478 1976 in
1505 1929 1695 1978 termo-

100 1995 290 2065 spodio
344 2013 514 2066 pones
569 2001 620 2050 et
659 1996 734 2049 sic
777 2014 895 2050 eam
935 1998 1214 2067 inpensam
1255 1999 1432 2051 mittes
1472 2016 1536 2052 ac
1576 1999 1696 2051 sub-

99 2074 182 2122 tus
223 2086 382 2140 supra
421 2070 839 2141 termospodium
878 2070 1090 2125 habeat.
1148 2089 1266 2125 cum
1321 2078 1475 2126 cocta
1521 2072 1693 2138 fuerit,

98 2144 254 2212 piper
292 2145 546 2196 minutum
586 2145 833 2212 aspargis
874 2150 926 2198 et
963 2145 1176 2199 inferes.

215 2219 334 2270 167.
396 2218 646 2271 Patina
700 2218 780 2271 de
832 2219 1168 2287 persicis:
1229 2220 1441 2288 persica
1482 2219 1696 2273 duriora

98 2293 371 2359 purgabis,
412 2292 700 2345 frustratim
742 2293 1010 2360 concideS,
1055 2294 1240 2361 elixas,
1282 2295 1336 2347 in
1361 2295 1546 2363 patina
1572 2312 1694 2349 con-

189 2409 250 2453 ad
300 2410 396 2453 163.
467 2410 744 2454 lucustas
796 2415 853 2455 et
944 2425 989 2455 8.
1024 2412 1109 2455 ad.
1144 2413 1258 2456 vin.
1293 2413 1476 2458 dicem
1514 2440 1563 2444 Μ
1600 2414 1693 2459 de-

98 2469 384 2523 isquillas
449 2469 550 2513 cod.
614 2483 671 2513 ex
724 2484 852 2514 more
946 2476 1172 2527 quocat
1205 2473 1308 2516 cod.

98 2528 321 2571 Italorum
349 2528 426 2583 qui
453 2529 644 2572 vocibus
665 2529 708 2572 in
729 2528 851 2573 fron·
1032 2530 1094 2574 ad
1132 2531 1226 2574 166.
1262 2543 1486 2587 purgas
1519 2532 1694 2576 semina

100 2591 146 2630 te
179 2600 214 2637 s,
249 2600 304 2642 sq
345 2586 624 2631 habentibus
664 2588 680 2630 i
720 2601 852 2643 praes
944 2589 1118 2641 eximis,
1153 2589 1316 2635 Colum
1353 2592 1421 2642 12,
1444 2591 1516 2642 42,
1540 2593 1578 2635 1.
1614 2592 1693 2636 de-

97 2645 443 2700 ponunt—ef
450 2644 474 2688 f
481 2647 662 2691 undes
681 2653 731 2690 ut
751 2648 847 2690 162.
943 2648 1086 2692 trahis
1131 2662 1286 2693 semen
1322 2651 1390 2702 12,
1423 2649 1496 2701 48,
1527 2651 1568 2694 4.
1613 2651 1693 2695 ubi

185 2734 247 2777 ad
281 2733 381 2779 164.
414 2735 660 2790 gariota
693 2736 795 2780 cod.
940 2707 1398 2810 {ffglcgfftffiruntur'
1425 2736 1477 2740 ““
1511 2710 1693 2755 sorba

185 2821 247 2864 ad
293 2822 388 2865 165.
451 2823 735 2867 soliarum
783 2837 847 2868 cx
1029 2826 1090 2870 ad
1125 2827 1223 2871 167.
1258 2827 1457 2882 piscis
1490 2831 1537 2871 et
1567 2828 1690 2883 pis·

58 2917 65 2923 .
101 2879 232 2922 obis
264 2881 598 2935 —patinam
633 2908 685 2914 —-
723 2883 847 2928 olei
939 2884 1105 2929 cibus
1148 2886 1283 2930 codd.
1320 2911 1371 2918 —
1407 2886 1563 2930 malim
1597 2887 1690 2935 du-

101 2961 154 2968 —-
189 2943 527 2994 quoquatur
554 2966 600 2971 -
626 2942 721 2986 iux
743 2955 845 2987 suo
938 2944 1152 3001 rgacina
1185 2946 1258 2993 26.
1293 2945 1361 2989 74.
1398 2945 1497 2995 184,
