2098 3470
352 305 454 355 114
922 309 1018 352 Lib.
1056 307 1130 351 VI.
1180 308 1421 366 Tropetes.

344 437 596 502 gustabis,
650 439 716 489 Et
768 440 947 493 elixati
1000 446 1206 511 sumpto
1261 444 1460 496 semine
1515 461 1630 496 cum
1698 446 1831 498 lobis
1883 448 1937 500 in

342 511 541 578 patella
579 511 809 564 feniculo
851 515 1034 580 viride,
1076 516 1278 583 pipere,
1322 517 1608 582 liquamine
1656 551 1725 556 —
1772 525 1822 572 et
1850 538 1934 573 ca-

343 601 504 637 roeno
546 585 756 638 modico
798 606 893 657 pro
935 590 1076 642 salso
1124 620 1183 626 —
1240 589 1552 641 inferuntur.
1613 594 1697 644 vel
1740 593 1935 661 simpli-

343 657 474 710 citer
514 665 566 711 ct
605 660 754 712 solet.

574 821 832 890 Incipit
873 822 1071 889 Apici
1114 822 1310 876 Caeli
1352 829 1700 892 tropeteS.

1015 941 1109 994 Lib
1169 942 1257 995 VI.

453 1073 574 1125 212.
620 1073 690 1125 In
731 1072 1082 1126 strutione
1124 1074 1340 1126 elixo:
1372 1076 1540 1144 piper,
1573 1083 1822 1145 mentam,
1860 1079 1928 1132 ci-

339 1147 534 1199 minum
576 1164 769 1213 assum,
813 1147 901 1216 api
927 1164 1124 1214 semen,
1157 1148 1380 1202 dactilos
1410 1151 1493 1202 vel
1525 1151 1770 1219 cariotas‚
1803 1154 1925 1220 mel,

339 1279 510 1324 faselos
554 1293 637 1323 suo
671 1284 881 1334 tempore
914 1279 1005 1323 dici
1038 1285 1085 1323 et

339 1338 496 1390 λοβούς
528 1340 635 1395 quia
668 1353 769 1382 cum
801 1339 970 1393 siliqua
1003 1340 1084 1391 (in-

338 1404 485 1455 terpp.
546 1398 606 1442 ad
659 1398 811 1443 Gloss
865 1398 1082 1453 Hippocr.

337 1471 379 1513 p.
417 1458 514 1501 240.
545 1459 666 1511 ⁴243.)
699 1458 800 1512 ipsa
819 1456 993 1501 fructus
1016 1462 1084 1501 to-

336 1525 411 1561 tus
445 1517 728 1568 comedatur,
762 1530 876 1572 quos
911 1517 1083 1572 Hippo-

338 1583 487 1621 crates
535 1582 582 1620 et
639 1577 825 1620 Diocles
875 1579 1084 1620 vocarint

337 1635 549 1690 δολιχοὺς,
589 1642 746 1679 monet
780 1635 981 1679 Galenus
1013 1637 1083 1680 De

338 1695 423 1739 fac.
458 1695 661 1739 aliment.
704 1697 738 1745 1,
773 1697 958 1737 28—35.
1005 1696 1083 1738 Di-

337 1769 430 1799 osc.
466 1755 638 1815 2,,176.
674 1754 731 1798 de
758 1754 944 1798 smilace
978 1752 1082 1797 hor-

335 1816 455 1858 tensi
488 1817 543 1866 ῆς
576 1814 597 1854 ὁ
634 1812 794 1868 καρπὸς
827 1812 961 1863 Rostra,
1002 1814 1081 1857 ubi

335 1873 604 1918 Matthiolus
639 1878 795 1917 censet
829 1886 929 1916 esse
963 1886 1080 1929 quas

334 1934 443 1977 Itali
475 1932 607 1976 fabas
644 1934 855 1980 turcicas,
899 1939 1079 1976 nostra·

335 2001 406 2037 tes
450 1991 647 2036 welsche
695 1992 878 2035 bolmen
925 1993 1082 2047 appel-

334 2053 445 2095 lant.
460 2051 694 2095 Kaercher
707 2052 750 2094 in
772 2052 969 2107 Etymol.
992 2052 1084 2095 bei-

336 2111 540 2167 t1·aeg.4.
571 2125 612 2166 p.
643 2111 713 2154 43.
753 2110 990 2162 „dolichos
1010 2111 1085 2154 bei

335 2171 451 2215 Plin.
474 2171 541 2221 16,
561 2170 659 2213 244.
694 2171 755 2213 ist
773 2170 873 2213 eine
902 2169 1082 2224 pflanze

335 2229 508 2275 welche
526 2229 641 2273 auch
657 2229 919 2284 phaseolus,
939 2228 1079 2272 franz.

335 2289 438 2333 seve
457 2290 514 2332 de
533 2302 642 2339 mer,
675 2288 897 2332 feverolle
924 2289 1080 2339 licisst,

334 2362 496 2393 unsere
515 2347 630 2392 feld-
643 2349 756 2392 oder
768 2347 1079 2392 kernbohne“.

333 2422 436 2452 mea
469 2408 585 2452 Oler.
621 2421 664 2462 p.
700 2408 768 2450 26.
804 2408 872 2450 27.
913 2433 956 2436 -—
1003 2407 1083 2450 ci-

334 2481 427 2512 cer
472 2467 694 2510 Italorum
743 2480 864 2517 cece,
925 2466 1090 2510 Gallo-v

333 2542 429 2571 rum
479 2527 582 2581 pois
631 2525 839 2575 chiches,
898 2524 1082 2568 frictum

334 2586 665 2631 comedebatur
709 2591 756 2628 et
790 2587 1082 2628 immaturum

332 2646 572 2701 virideque
615 2650 663 2687 et
705 2645 750 2687 in
788 2657 910 2699 aqua
943 2644 1082 2687 elixa-

332 2712 427 2749 tum
472 2713 520 2748 et
561 2704 658 2748 eius
703 2704 850 2746 farina
898 2704 944 2745 in
985 2704 1081 2747 iure

332 2766 520 2814 elixata,
556 2763 716 2807 Galen,
752 2763 809 2806 de
843 2762 929 2805 fac.
960 2763 1016 2805 al.
1043 2766 1082 2813 1,

332 2828 402 2868 29.
438 2823 541 2867 coll.
576 2823 755 2867 Medico
788 2835 860 2876 ap.
888 2821 1000 2866 ldel.
1023 2822 1079 2864 11.

331 2898 375 2941 p.
409 2884 511 2934 269,
547 2886 584 2926 1.
630 2895 687 2926 cx
730 2880 948 2937 ἐρέβινθος
979 2882 1082 2925 bar-

332 2944 431 2991 bari
464 2941 673 2987 fecerunt
717 2939 906 2993 §ssscyffla
939 2946 986 2985 et
1020 2939 1081 2993 45⁸2

1175 1283 1276 1330 βιθι.
1315 1306 1365 1310 —-
1407 1281 1662 1327 elixatis
1698 1284 1834 1328 codd.
1873 1311 1926 1317 -—

1176 1340 1272 1383 lob
1289 1340 1480 1383 isHum.
1498 1355 1611 1386 corr.
1628 1357 1711 1398 pro
1735 1345 1859 1388 ovis
1876 1370 1925 1375 —

1174 1402 1345 1455 piper
1369 1406 1425 1443 et
1450 1401 1738 1455 liquamen
1761 1403 1806 1446 in
1827 1417 1922 1447 sex.

1176 1484 1229 1488 -—
1278 1472 1381 1514 pro
1430 1460 1594 1504 salso
1646 1461 1750 1506 loco
1799 1462 1926 1514 salis,

1174 1530 1231 1560 an
1264 1517 1369 1560 loco
1404 1517 1695 1573 liquaminis?
1739 1519 1793 1564 cf.
1831 1521 1922 1564 sal-

1174 1590 1271 1620 sum
1304 1578 1404 1620 386.
1440 1583 1487 1621 et
1518 1579 1579 1622 ad
1606 1580 1702 1623 109.
1725 1605 1767 1609 —
1795 1581 1922 1623 sim·

1175 1637 1427 1691 pliciter
1459 1638 1655 1692 simplici
1687 1639 1782 1683 iure
1817 1640 1917 1682 204.

1174 1696 1271 1739 sinc
1315 1696 1408 1738 ullo
1453 1697 1781 1741 condimento?
1832 1698 1923 1742 cibi

1174 1755 1270 1798 sine
1304 1755 1398 1798 ullo
1418 1757 1648 1811 exquisito
1669 1770 1922 1813 coquorum

1173 1810 1369 1858 artificio
1418 1816 1570 1869 parati
1619 1815 1807 1860 Graecis
1856 1817 1922 1860 di-

1173 1873 1567 1926 cunturcissaflfldxs
1577 1890 1651 1914 υτα
1667 1875 1920 1930 ap.Atl1en.

1170 1933 1212 1983 4,
1258 1936 1325 1975 22.
1371 1934 1398 1975 i.
1445 1947 1481 1976 O.
1531 1934 1632 1973 ἄνευ
1681 1933 1922 1987 βάμματος,

1178 1992 1313 2035 fricta
1355 1993 1505 2036 cicera
1547 2006 1648 2036 cum
1691 1993 1788 2038 sale
1828 2008 1923 2037 mo-

1176 2051 1280 2095 dico
1313 2051 1357 2094 in
1391 2053 1626 2107 sartagine
1669 2053 1792 2097 sicca
1824 2065 1924 2097 sae-

1175 2111 1277 2165 pius
1306 2117 1733 2166 commemorantur.

1265 2169 1355 2212 Ad
1404 2170 1618 2214 librum
1670 2170 1747 2213 VI.
1797 2175 1923 2214 tro-

1173 2242 1202 2283 p
1216 2228 1243 2271 h
1260 2243 1283 2272 e
1298 2235 1317 2271 t
1330 2242 1353 2273 e
1367 2242 1388 2272 s
1421 2230 1684 2274 inscribitur
1701 2230 1745 2274 in
1765 2230 1836 2273 ed.
1855 2243 1920 2285 pr.

1174 2293 1447 2342 tropetes
1480 2290 1525 2331 in
1558 2288 1630 2332 ed.
1666 2289 1851 2332 mediol.
1874 2293 1924 2331 ut

1173 2348 1218 2390 in
1252 2347 1386 2390 codd.
1431 2349 1638 2402 τροπέτης
1681 2353 1752 2391 Ost
1784 2346 1924 2401 ἕρέῒης

1173 2420 1341 2456 remex,
1360 2408 1603 2462 remigans,
1622 2407 1814 2462 remigio
1829 2407 1923 2449 ala-

1175 2480 1270 2509 rum
1306 2466 1480 2516 volans,
1524 2466 1622 2509 avis
1662 2466 1822 2520 pennis
1856 2478 1923 2509 re-

1173 2526 1351 2580 migans
1386 2525 1610 2579 (Hildebr.
1647 2525 1708 2568 ad
1746 2524 1923 2579 Apulei

1174 2590 1278 2627 met.
1314 2586 1355 2634 5,
1389 2586 1460 2627 25.
1505 2598 1549 2639 p.
1583 2584 1702 2637 367).
1765 2583 1923 2631 Nostri

1173 2649 1384 2698 tempore
1417 2648 1625 2698 tropetes
1660 2650 1731 2686 est
1764 2647 1810 2686 et
1842 2656 1922 2686 vo-

1174 2703 1273 2746 lans
1307 2715 1424 2758 quae
1444 2703 1570 2752 vvis,
1612 2702 1732 2745 unde
1764 2701 1923 2745 volan-

1173 2768 1269 2805 tum
1304 2774 1410 2804 caro
1437 2773 1516 2815 ap.
1550 2760 1674 2804 Cael.
1708 2759 1922 2804 Aurelia-

1174 2835 1277 2864 num
1297 2821 1521 2875 aliosque,
1552 2822 1767 2869 πετεινῶν,
1801 2833 1922 2863 com-

1172 2886 1336 2935 parate
1365 2880 1480 2923 liber
1498 2879 1554 2923 de
1573 2879 1753 2926 avibus,
1787 2879 1921 2922 Hum.

1172 2940 1219 2983 id
1267 2939 1475 2984 nesciens
1525 2938 1709 2995 scripsit
1752 2950 1921 2982 aero-
