2098 3470
673 301 773 348 Lib.
807 301 905 348 VII.
940 300 1177 347 Politeles.
1631 300 1734 356 139

145 436 353 505 origani
385 435 643 506 scripulos
664 436 752 489 VI.
797 434 988 504 ciperis
1016 435 1278 503 scripulos
1296 434 1385 488 VI.
1417 433 1548 487 costi
1568 432 1734 486 modi-

146 528 281 577 cum,
328 510 511 581 piretri
551 510 808 578 scripulos
849 511 944 563 III.
986 509 1073 576 api
1105 509 1319 561 seminis
1354 508 1615 576 scripulos
1643 509 1733 560 VI.

142 585 345 655 piperis
379 584 638 651 scripulos
665 584 787 636 XII.
817 582 1117 650 liquaminis
1153 587 1204 634 et
1232 581 1335 634 olei
1358 584 1501 648 quod
1522 581 1732 637 sufficit.

257 660 378 711 273.
421 658 588 710 Aliter
626 661 922 710 assaturas:
964 656 1151 708 mirtae
1182 656 1359 709 siccae
1399 657 1592 708 bacam
1646 673 1735 709 ex-

142 736 491 800 temperatam
534 748 651 783 cum
692 730 900 796 ciminO,
956 731 1159 800 pipere,
1202 730 1377 795 melle,
1428 729 1732 795 liquamine,

143 805 366 859 defricto
398 809 449 858 et
476 805 595 857 oleo
625 809 764 858 teres
793 809 845 856 et
869 803 1015 857 serve
1042 803 1241 856 factum
1270 803 1489 856 amolas.
1520 820 1736 857 carnem

142 879 336 932 elixam
378 878 490 931 sale
544 879 878 931 subassatam
937 876 1228 948 perfundis
1285 876 1440 945 piper
1491 876 1738 946 aspargis

143 957 194 1007 et
231 952 446 1006 inferes,

254 1027 376 1079 274.
420 1025 586 1078 Aliter
625 1030 922 1078 assaturas:
975 1024 1177 1094 piperis
1230 1023 1491 1094 scripulos
1531 1023 1621 1075 VI.
1676 1022 1735 1074 li-

141 1099 317 1167 gistici
369 1100 627 1167 scripulos
681 1100 770 1152 VI.
838 1098 1133 1167 petrosilini
1185 1098 1448 1166 scripulos
1500 1097 1590 1149 VI.
1646 1097 1735 1166 api

140 1174 355 1227 seminis
408 1174 668 1241 scripulos
722 1174 811 1225 VI.
882 1172 1023 1225 aneti
1076 1172 1337 1240 scripulos
1390 1172 1479 1223 VI.
1546 1170 1735 1223 lasaris

139 1247 336 1300 radicis
386 1247 646 1314 scripulos
685 1248 775 1299 VI.
831 1263 1052 1299 asareos
1106 1246 1367 1316 scripulos
1407 1245 1496 1297 VI.
1554 1243 1736 1314 piretri

140 1321 421 1389 modicum,
465 1321 658 1388 ciperis
700 1320 961 1390 scripulos
1001 1320 1091 1372 VI.
1150 1320 1292 1372 carei
1346 1318 1606 1386 scripulos
1644 1319 1734 1370 VI.

144 1395 321 1448 cimini
363 1395 625 1462 scripulos
665 1395 755 1447 VI.
798 1393 1092 1461 gingiberis
1136 1393 1397 1463 scripulos
1436 1392 1526 1444 VI.
1569 1392 1737 1458 liqua-

141 1469 295 1521 minis
340 1469 584 1534 eminam,
629 1468 731 1521 olei
771 1468 1122 1521 acetabulum.

255 1542 377 1594 275.
424 1544 680 1594 Assatura
719 1542 833 1595 sine
875 1542 1053 1594 colore
1096 1540 1323 1594 elixatur
1358 1544 1410 1593 et
1447 1539 1739 1591 infunditur

139 1614 195 1668 in
258 1615 436 1669 fretali
494 1615 664 1685 piper,
707 1615 1116 1679 condimentum,
1173 1616 1295 1680 mel,
1349 1614 1621 1680 liquamen
1687 1618 1740 1666 et

140 1690 384 1742 attoritur
422 1689 475 1741 in
518 1690 727 1742 clibano
758 1705 1032 1755 quousque
1073 1694 1344 1755 coquatur.
1389 1687 1582 1740 elixam
1610 1704 1736 1740 vero

142 1764 382 1817 colorare
423 1763 468 1816 si
517 1764 684 1829 voles,
739 1764 855 1816 sine
909 1762 1189 1817 conditura
1241 1778 1395 1816 assas
1450 1765 1502 1814 et
1553 1778 1736 1815 sucum

144 1837 386 1890 callicum
427 1837 717 1908 perfundis.

229 1999 290 2042 ad
338 1999 436 2042 273.
510 2003 894 2054 extempera-

139 2062 257 2101 tam
291 2071 347 2102 ex
378 2070 473 2113 par.
506 2071 591 2113 pro
626 2062 894 2101 extente-

139 2121 331 2160 ratum
365 2117 502 2161 codd.
537 2121 584 2161 et
612 2117 892 2161 exented.

140 2188 207 2232 pr.
255 2174 311 2219 cf.
356 2175 427 2219 43.
474 2202 525 2205 —
574 2176 670 2220 sale
708 2181 755 2220 et
788 2176 893 2220 oleo

142 2239 327 2280 assatur
353 2236 450 2277 111.
488 2234 590 2278 coll.
616 2235 710 2277 114.
747 2234 803 2278 cf.
822 2235 891 2278 58.

143 2294 296 2337 oleum
329 2307 411 2348 per
443 2306 494 2337 se
526 2294 825 2349 intellegitur.

232 2353 293 2396 ad
325 2352 426 2395 274.
461 2353 833 2407 petrosileni
865 2358 895 2402 β

144 2411 216 2455 ed.
251 2425 317 2466 pr.
354 2416 401 2454 et
434 2410 534 2454 cod.
555 2410 581 2449 δ
614 2412 690 2467 qui
722 2411 781 2454 ab
806 2411 895 2455 hoc

142 2470 248 2513 loco
298 2470 640 2524 petrosilin.
704 2471 895 2526 pingere

142 2532 283 2571 amat.
322 2554 374 2559 —
410 2541 607 2572 semen
650 2554 702 2558 ——
742 2529 895 2572 radi-

143 2600 263 2630 cem
307 2587 352 2630 in
395 2599 476 2630 sex
520 2591 567 2630 et
610 2587 680 2630 ed.
724 2601 792 2642 pr.
838 2614 891 2618 —

140 2658 345 2689 assare
363 2659 422 2689 os
455 2646 501 2688 in
535 2647 733 2701 quinque
758 2650 805 2690 et
822 2646 892 2690 ed.

141 2718 207 2759 pr.
243 2705 342 2748 363.
379 2705 424 2747 in
467 2710 665 2759 quatuor
698 2718 893 2749 asere-

142 2776 221 2814 os,
264 2762 395 2818 111·γὸ
426 2775 646 2807 aseros.
692 2764 758 2807 sic
801 2777 894 2820 am-

140 2835 274 2866 meos
307 2822 375 2866 29.
411 2823 722 2867 nominativus
765 2824 893 2879 plan-

142 2884 219 2924 tae
253 2881 330 2936 qui
360 2894 480 2924 nunc
512 2886 584 2926 est
600 2883 762 2938 ἄσηρον
794 2887 895 2926 erat

143 2939 251 2984 olim
286 2939 424 2984 etiam
455 2940 590 2996 ἄσαρι,
624 2945 675 2985 ut
708 2945 779 2985 est
802 2942 890 2997 ζιγ-

985 2003 1134 2053 γίβερι,
1175 1997 1406 2052 κιννάβαρι,
1450 2000 1612 2052 πέπερι.
1656 1997 1736 2041 Isi-

987 2058 1103 2102 doro
1139 2058 1208 2108 17,
1240 2058 1282 2108 9,
1318 2057 1354 2099 7.
1390 2056 1562 2099 virtute
1590 2056 1736 2100 nardo

986 2116 1133 2161 simile
1171 2121 1256 2165 est,
1298 2116 1423 2171 quod
1465 2128 1493 2158 a
1524 2115 1736 2159 Dioscor.

989 2178 1027 2227 1,
1061 2177 1099 2219 9.
1150 2180 1198 2220 et
1239 2175 1357 2221 Plin.
1405 2175 1474 2225 12,
1517 2174 1587 2217 47.
1630 2174 1736 2219 coll.

987 2237 1058 2286 21,
1091 2235 1161 2278 30.
1196 2234 1353 2278 habet.
1387 2233 1494 2277 hod.
1521 2246 1584 2277 as.
1606 2246 1737 2277 euro-

986 2306 1167 2349 paeum.
1205 2319 1256 2323 —
1293 2293 1524 2348 gengib.
1556 2296 1599 2343 ῥ’.
1633 2293 1735 2336 272.

1074 2353 1136 2396 ad
1172 2353 1270 2395 275.
1309 2365 1419 2395 corr.
1469 2365 1493 2395 e
1535 2352 1737 2408 vestigio

986 2411 1087 2455 cod.
1122 2411 1592 2462 ss.assat11rasin
1626 2411 1735 2454 col-

985 2471 1114 2514 lare
1162 2474 1209 2513 et
1261 2470 1521 2513 necessario
1572 2470 1735 2513 colo-

985 2542 1116 2572 rare
1158 2542 1242 2583 pro
1288 2528 1539 2579 collare,
1587 2529 1735 2572 simile

984 2588 1147 2631 vitium
1189 2587 1354 2631 sustuli
1383 2587 1481 2630 287.
1525 2588 1733 2632 emende-

985 2651 1060 2690 tur
1092 2651 1144 2690 ut
1175 2647 1219 2689 in
1254 2647 1410 2689 multis
1443 2646 1639 2690 lexicon.
1682 2672 1732 2675 —

985 2704 1034 2748 fr
1045 2704 1104 2761 esst
1119 2718 1146 2747 a
1157 2704 1171 2746 l
1182 2718 1206 2748 e
1240 2704 1509 2754 frictorium2
1527 2710 1734 2761 sartago,

985 2769 1036 2807 ut
1098 2763 1266 2807 fretum
1337 2764 1639 2808 derivandum
1707 2777 1736 2807 a

986 2822 1167 2878 πρὴθειν
1197 2823 1374 2867 braten.
1396 2848 1450 2854 -
1486 2823 1732 2867 condim.

985 2882 1055 2926 56.
1090 2907 1140 2911 -
1174 2882 1472 2926 atteritur
1504 2881 1735 2926 coddat-

984 2943 1215 2985 toretur
1246 2941 1301 2984 H.
1338 2940 1395 2984 cf.
1424 2941 1519 2984 122.
1556 2941 1652 2985 136.
1681 2966 1731 2972 -
