2098 3470
652 312 748 357 Lib.
783 312 859 356 vr.
910 312 1151 367 Tropetes.
1573 310 1676 363 115

89 453 314 513 acetum,
355 463 588 515 passum,
628 446 898 511 liquamen
939 449 990 497 et
1030 446 1203 498 oleum
1242 443 1461 498 modice
1519 448 1572 497 et
1622 443 1677 496 in

90 523 392 574 caccabum.
435 519 624 575 facies„
653 525 708 570 ut
749 519 944 571 bulliat.
999 519 1202 570 amolas
1257 523 1309 571 et
1361 518 1440 571 sic
1495 522 1677 588 partes

90 595 356 647 strutionis
395 594 449 645 in
476 594 630 646 lance
663 592 938 660 perfundis
968 597 1020 644 et
1048 591 1280 660 desuper
1306 591 1462 662 piper
1489 590 1675 662 aspar-

90 672 187 735 gis,
231 669 275 720 si
314 673 489 720 autem
540 667 594 718 in
635 666 964 718 condituram
1007 682 1238 734 coquere
1277 665 1529 731 volueris,
1582 666 1674 717 ali-

91 760 206 795 cam
247 741 415 794 addis.
458 741 625 793 Aliter
663 740 917 792 strutione
947 739 1116 792 elixo:
1159 739 1328 809 piper,
1371 739 1675 807 ligisticum,

89 818 286 881 timum,
332 816 510 867 timum
550 819 640 865 aut
679 814 980 879 satureiam,
1023 814 1143 880 mel,
1174 830 1394 882 senape,
1449 818 1675 879 acetum,

90 892 354 956 liquamen
397 893 448 941 et
488 888 678 940 oleum.

202 964 324 1015 213.
385 963 457 1014 In
507 978 674 1028 grue
723 961 834 1014 vel
885 966 1126 1028 anate,
1169 960 1481 1029 perdice,
1535 965 1678 1013 tur-

89 1043 256 1103 ture,
297 1036 640 1105 palumbo,
696 1036 1012 1088 columbo
1069 1040 1133 1088 et
1173 1035 1480 1089 diversis
1533 1035 1678 1088 avi-

92 1114 239 1165 bus:
283 1127 467 1178 gruem
511 1110 595 1162 vel
650 1114 858 1162 anatem
912 1110 1080 1175 lavaS,
1136 1127 1293 1162 ornas
1349 1114 1400 1163 et
1451 1109 1680 1162 includis

89 1186 141 1238 in
165 1186 338 1251 ollam,
369 1184 570 1237 adicies
592 1200 801 1250 aquam,
843 1184 1026 1251 salem,
1068 1189 1281 1237 anetum
1311 1183 1531 1236 dimidia
1558 1200 1677 1237 coc-

92 1266 207 1312 tura
282 1259 538 1325 decoquis
593 1257 717 1310 dum
772 1258 1072 1311 obduretur.
1113 1259 1262 1311 levas
1306 1264 1356 1311 et
1394 1258 1583 1311 iterum
1623 1257 1678 1310 in

92 1336 381 1387 caccabum
422 1333 582 1385 mittis
625 1350 741 1386 cum
791 1332 909 1385 oleo
953 1337 1003 1386 et
1042 1332 1345 1398 liquamine,
1401 1349 1519 1385 cum
1570 1331 1677 1385 fas-

93 1409 261 1461 ciculo
305 1408 510 1474 origani
552 1412 602 1460 et
644 1406 924 1459 coriandri.
967 1423 1137 1475 prope
1180 1412 1445 1460 cocturam
1489 1406 1679 1460 defric-

90 1488 196 1535 tum
238 1482 445 1534 modice
472 1481 630 1533 mittis
666 1486 722 1532 ut
750 1481 964 1535 coloret.
994 1487 1134 1534 teres
1163 1482 1332 1550 piper,
1374 1481 1678 1548 ligisticum,

92 1557 355 1622 ciminum,
387 1555 738 1621 coriandrum,
766 1555 954 1608 lasaris
983 1555 1234 1622 radicem,
1270 1560 1458 1623 rutam,
1501 1572 1680 1609 caroe-

93 1648 230 1698 num,
272 1631 393 1696 mel,
435 1629 692 1682 suffundis
733 1629 813 1681 ius
855 1631 921 1683 de
963 1646 1057 1682 suo
1099 1629 1215 1697 sibi,
1272 1635 1423 1683 aceto
1477 1635 1678 1700 tempe-

92 1769 275 1819 petes,
306 1763 550 1817 αἐροπέτης,
596 1762 747 1817 „quod
790 1763 835 1806 in

92 1837 147 1867 eo
180 1823 299 1866 libro
333 1823 390 1866 de
423 1822 559 1865 avicii
589 1822 770 1877 generis
790 1826 837 1866 ct

91 1882 328 1926 volucrum
361 1883 404 1924 in
442 1883 548 1925 a‘ere
581 1881 837 1925 volantium

93 1943 326 1996 vitamque
368 1941 719 1996 transigentium
758 1941 838 1984 ob-

93 2001 234 2044 soniis
268 2006 314 2044 et
346 2000 599 2043 condituris
640 2000 834 2054 agitur.“

181 2060 242 2102 ad
276 2062 374 2102 212.
432 2059 714 2102 struthiones
747 2060 837 2103 iam

95 2124 404 2162 memorantur
444 2119 488 2161 in
533 2131 677 2162 coena
719 2118 840 2173 Iphi-

95 2179 232 2221 cratis
276 2190 349 2232 ap.
393 2177 564 2221 Athen.
609 2179 651 2228 4,
696 2178 719 2220 7
763 2173 838 2221 fin.

94 2237 428 2292 Heliogabalus
464 2236 842 2293 „struthiocame-

95 2297 165 2339 los
213 2295 420 2340 exhibuit
467 2297 511 2339 in
557 2296 710 2340 coenis
759 2297 839 2339 ali-

97 2356 305 2411 quoties“
333 2361 380 2398 et
401 2362 749 2407 „sexcentorum
770 2369 840 2399 ce-

96 2415 296 2458 rebella“
343 2415 467 2469 apud
509 2415 739 2469 Lamprid.
783 2415 840 2457 28

98 2479 145 2517 et
176 2474 243 2516 30.
281 2472 472 2516 Africae
498 2474 839 2529 gentibusnon-

98 2532 233 2575 nullis
276 2545 356 2576 eos
396 2531 547 2575 adhuc
589 2532 740 2576 cibum
777 2533 843 2576 iu-

98 2591 293 2634 cundum
327 2605 427 2635 esse
460 2596 658 2635 constat.
694 2592 739 2634 in
765 2592 843 2635 tri-

102 2654 183 2695 'ous
232 2651 365 2694 codd.
415 2651 754 2694 structione
798 2657 846 2695 et

99 2710 454 2754 structionis
518 2716 569 2754 ut
634 2710 844 2761 structio,

100 2771 286 2820 strucio‚
333 2770 499 2813 strutio
549 2770 592 2812 in
641 2769 844 2824 Aethico

100 2829 367 2886 Hieronymi
402 2829 587 2876 maz-31.
621 2834 668 2872 et
685 2829 846 2884 planta

102 2888 330 2943 στρούθιον
361 2889 406 2931 in
438 2889 579 2932 Macri
603 2889 722 2931 Flor.
743 2889 842 2931 907.

102 2947 229 2991 libris
243 2948 460 2999 strucion‚
474 2948 844 2999 struti‹)n,st1·uc-

926 1762 1024 1805 tion
1058 1767 1144 1805 cet.
1177 1761 1396 1806 scribitur
1427 1767 1475 1806 et
1506 1762 1550 1805 in
1584 1762 1678 1806 Vo-

927 1821 1163 1865 cabulario
1223 1822 1408 1876 Optimo
1457 1821 1678 1866 Wacker-

926 1893 1030 1936 nag.
1077 1894 1122 1935 p.
1154 1881 1224 1924 43.
1274 1882 1473 1933 „strucio
1509 1884 1678 1932 strus“‚

927 1940 1032 1983 inde
1046 1940 1243 1984 Romani
1257 1939 1465 1984 fecerunt
1478 1945 1679 1984 struzzo.

929 2024 982 2028 -
1017 2011 1205 2043 assum
1239 2000 1504 2050 assicatum‚
1538 2000 1682 2043 sicca-

929 2063 1040 2109 tum,
1084 2057 1266 2102 frictum
1311 2060 1409 2102 227.
1455 2058 1682 2103 torrefac-

932 2123 1043 2168 tum,
1086 2122 1335 2174 postquam
1368 2119 1414 2161 in
1447 2122 1583 2161 aceto
1617 2119 1685 2161 in-

932 2176 1081 2220 fusum
1125 2182 1197 2221 est
1242 2178 1338 2220 105.
1384 2203 1436 2207 -—-
1481 2190 1686 2221 careo-

933 2241 1021 2279 tas
1055 2237 1190 2280 codd.
1227 2241 1510 2294 caryotas
1545 2237 1599 2280 H.
1633 2261 1685 2269 ψ-

931 2309 960 2350 p
974 2308 1001 2337 a
1014 2310 1035 2338 r
1048 2300 1066 2339 t
1077 2310 1100 2339 e
1115 2309 1135 2339 s
1153 2296 1342 2351 pulpam
1355 2296 1573 2351 pectoris,
1592 2294 1687 2339 for-

933 2360 1056 2398 tasse
1099 2361 1146 2399 et
1189 2355 1293 2398 alas
1339 2368 1458 2411 quae
1503 2356 1549 2398 in
1583 2355 1688 2398 aliis

931 2415 1094 2458 avibus
1127 2412 1463 2469 praeferuntur.
1490 2439 1543 2445 --
1564 2427 1688 2469 per-

933 2471 1133 2517 fundis
1167 2487 1222 2517 eo
1256 2474 1367 2517 iure.
1407 2499 1457 2503 -—
1491 2474 1548 2516 in
1582 2478 1691 2516 ante

937 2532 1279 2585 „conditura1n“
1323 2545 1438 2576 unus
1472 2536 1503 2583 β
1536 2545 1691 2576 serva-

934 2592 1015 2634 vit.
1053 2616 1106 2621 -›--

1026 2650 1087 2693 ad
1106 2652 1204 2695 213.
1239 2650 1333 2694 vel
1360 2654 1469 2695 ante
1498 2653 1688 2704 „ornas“

936 2709 1088 2753 delevi
1121 2709 1178 2755 cf.
1215 2711 1313 2752 216.
1358 2709 1458 2753 234.
1496 2710 1601 2754 243.
1640 2735 1693 2740 -—-

937 2769 1111 2812 ollam
1145 2783 1228 2824 pro
1263 2768 1396 2812 olla
1429 2782 1485 2813 ex
1516 2769 1615 2812 234.
1640 2793 1693 2799 --

937 2829 1103 2872 levas
1137 2829 1297 2872 eximis
1338 2840 1471 2872 avem
1507 2829 1564 2872 de
1598 2828 1696 2872 olla

937 2894 982 2932 et
1015 2888 1059 2930 in
1094 2888 1296 2932 caccabo
1341 2888 1478 2942 plene
1513 2888 1691 2943 coquis.

938 2947 1057 2990 idem
1093 2944 1144 2989 fit
1178 2948 1277 2989 216.
1313 2947 1412 2990 242.
1449 2947 1550 2990 251.
1586 2946 1694 2992 coll.
