2098 3470
647 302 745 347 Lib.
779 302 858 347 IV.
922 302 1194 348 Pandectes.
1651 302 1722 355 83

243 438 362 490 147.
440 436 697 489 Patina
752 440 1009 489 zemate
1068 452 1442 502 garoeneo:
1523 434 1716 489 crudos

130 511 392 577 quoslibet
430 511 608 578 pisces
646 510 701 562 in
739 509 923 578 patina
964 525 1254 576 conpones,
1295 508 1496 562 adicies
1526 510 1717 576 oleum,

128 585 409 651 liquamen,
463 584 640 636 vinum
680 588 903 649 coctum,
945 582 1256 635 fasciculum
1295 583 1455 652 porri,
1511 583 1717 636 corian-

130 658 224 710 dri.
278 658 401 710 dum
454 658 709 723 coquitur,
762 662 903 710 teres
943 656 1113 724 piper,
1167 656 1470 723 ligisticum,
1514 657 1722 724 origani

127 732 455 798 fasciculum,
510 731 578 784 de
630 747 724 783 suo
778 730 878 783 sibi
928 730 1160 797 fricabis,
1212 729 1488 783 suffundes
1528 731 1609 784 ius
1651 731 1719 784 de

128 822 222 858 suo
263 805 378 872 sibi,
435 822 536 857 ova
576 804 739 857 cruda
780 804 1058 870 dissolveS,
1114 809 1398 875 temperas,
1445 804 1720 858 exinanies

127 880 181 931 in
219 879 471 947 patinam.
512 877 680 932 facies
719 883 775 936 ut
810 878 1088 945 obligetur.
1131 895 1249 931 cum
1274 878 1519 947 tenuerit,
1562 879 1719 947 piper

128 953 372 1021 aspargis
393 957 466 1009 .et
502 952 714 1006 inferes,

165 1065 172 1067 μ
243 1029 362 1080 148.
404 1027 655 1079 Patina
696 1026 1070 1080 solearum:
1113 1026 1289 1079 soleas
1317 1026 1526 1080 battues
1555 1031 1608 1080 et
1635 1043 1721 1080 cu-

129 1106 270 1154 ratas
311 1117 585 1172 conpones
623 1101 678 1153 in
716 1101 916 1169 patina,
958 1099 1160 1154 adicies
1201 1100 1392 1167 oleum,
1433 1101 1721 1168 liquamen,

129 1176 322 1229 vinum.
379 1175 503 1228 dum
552 1175 809 1243 coquitur,
863 1179 1004 1228 teres
1043 1174 1213 1243 piper,
1265 1174 1566 1243 ligisticum,
1622 1176 1721 1229 ori-

131 1266 345 1318 ganum,
385 1249 618 1317 fricabis,
659 1247 932 1303 suffundes
971 1249 1068 1317 iuS,
1121 1266 1224 1302 ova
1264 1248 1431 1302 cruda
1470 1254 1524 1303 et
1561 1266 1723 1303 unum

133 1341 336 1393 eorpus,
363 1323 545 1377 facies.
597 1341 756 1393 super
796 1324 973 1377 soleas
1012 1322 1306 1390 refundes?
1336 1324 1478 1377 lento
1520 1323 1631 1391 igni
1672 1330 1724 1379 et

133 1415 347 1465 coques.
390 1415 507 1452 cum
548 1397 771 1465 duxerit,
814 1399 968 1467 piper
1007 1398 1252 1466 aspargis
1294 1403 1346 1450 et
1383 1397 1597 1453 inferes

219 1530 280 1573 ad
314 1529 410 1572 147.
473 1530 540 1574 sic
572 1544 627 1574 ex
668 1530 877 1574 codicum

132 1594 366 1633 zomote
428 1602 716 1645 ganonas,
772 1600 876 1633 'zo-

132 1653 285 1692 mote
335 1661 585 1704 ganone,
640 1662 877 1693 zomore

131 1719 379 1763 ganona,
410 1720 683 1752 zamorae
706 1721 878 1764 gano-

131 1779 232 1809 nas
271 1771 318 1810 et
357 1766 568 1811 adhibito
616 1770 873 1823 „garoeno“

135 1825 233 1870 149.
265 1839 349 1881 pro
382 1827 514 1870 Hum.
550 1840 605 1881 p.
627 1827 876 1882 piscium

133 1886 587 1940 zomoteganite
642 1886 775 1930 effeci
830 1891 881 1929 ut

133 1945 193 1987 sit
234 1945 372 1997 ζέματι
423 1949 656 2000 γαροινίνῳ,
703 1945 881 1989 iusoulo

133 2003 338 2058 inprimis
360 2017 416 2048 ex
433 2016 547 2059 garo
567 2010 614 2048 et
630 2004 738 2048 vino
758 2005 882 2060 quod

135 2067 333 2106 constat.
367 2076 496 2106 zema
530 2064 629 2115 ζέμα
662 2077 762 2108 esse
797 2064 880 2111 ζω-

134 2121 233 2174 μὸν,
256 2120 453 2175 ’ζώμευμα
477 2121 706 2167 Dufresne
729 2123 880 2167 Gloss.

135 2181 186 2223 T.
221 2180 298 2224 VI.
343 2194 385 2236 p.
431 2182 529 2225 933.
574 2182 664 2224 iam
709 2182 880 2226 docuit.

137 2265 190 2272 -—
209 2241 401 2283 vinum
423 2253 483 2284 co
499 2245 646 2284 ctum
666 2249 716 2284 ut
732 2241 883 2285 Edict.

136 2300 333 2343 Dioclet.
358 2301 398 2351 2,
423 2301 489 2343 15.
525 2305 596 2344 est
629 2300 886 2357 decoctum,

136 2357 281 2413 ἕψημα
306 2360 441 2409 οἴνου,
465 2357 600 2411 ἑφθὸς
629 2362 744 2406 οἶνος
776 2361 886 2416 Hip-

136 2421 316 2472 pocrat.
350 2431 393 2472 p.
427 2419 528 2470 359,
562 2419 601 2461 6.
635 2418 809 2463 Athen.
848 2421 886 2470 1,

139 2477 209 2519 57.
258 2477 468 2528 siraeum‚
516 2489 631 2532 sapa
677 2478 886 2530 aliorum,

138 2535 253 2578 Plin.
302 2536 369 2587 14,
412 2536 482 2579 80.
534 2537 764 2580 Hermann
809 2537 884 2582 Gr.

139 2595 379 2638 Privatalt.
428 2598 462 2647 ξ.
500 2596 569 2646 26,
619 2596 657 2638 7.
707 2620 760 2628 —-—
821 2596 888 2640 de

140 2666 243 2697 suo
276 2654 326 2697 si
344 2655 400 2698 bi
431 2668 586 2699 secum
609 2655 736 2710 ipsis,
764 2669 888 2700 seor-

133 2713 238 2773 sim,
283 2714 417 2757 melle
460 2727 551 2758 non
591 2714 753 2758 addito
788 2716 886 2758 209.

142 2772 242 2814 399.
276 2774 363 2817 ius
396 2773 463 2817 de
495 2786 598 2817 suo
632 2774 750 2818 sibi
774 2774 891 2818 illud

144 2830 189 2872 in
214 2844 303 2887 quo
326 2833 477 2887 pisces
506 2840 778 2888 coquuntur,
810 2841 890 2889 pa-

146 2889 356 2934 tinarium
394 2893 487 2935 165.
523 2893 589 2935 sic
621 2893 796 2937 Colum.
821 2896 889 2945 12,

146 2949 217 3000 42,
250 2955 289 2991 2.
325 2951 447 2993 mala
478 2952 523 2994 in
555 2965 638 2995 suo
671 2954 760 2997 sibi
794 2954 890 2997 iure

970 1530 1301 1586 decoquuntur.
1337 1530 1452 1574 sat1s
1476 1544 1597 1575 nunc
1615 1544 1721 1575 con-

969 1594 1064 1633 stat
1099 1589 1238 1643 „sibi“
1286 1603 1387 1633 cum
1431 1593 1592 1643 „suus“
1628 1604 1720 1635 ser-

969 1662 1148 1693 monem
1181 1649 1402 1693 rusticum
1435 1650 1642 1705 iungere.
1664 1675 1711 1680 —

968 1708 1236 1752 tenuerit
1270 1709 1366 1751 159.
1403 1709 1588 1752 duxerit
1616 1709 1715 1753 140.

972 1767 1067 1811 148.
1104 1768 1205 1811 205.
1229 1768 1328 1810 367.
1364 1769 1602 1812 strinxerit
1623 1769 1719 1812 151.

968 1827 1043 1871 vel
1101 1827 1129 1870 i.
1172 1840 1212 1882 q.
1260 1828 1546 1872 concreverit
1594 1828 1724 1872 velut

973 1890 1055 1930 aut
1117 1886 1402 1938 constiterit,
1472 1887 1723 1939 strinxerit,

975 1946 1149 1990 coierit.

1063 2005 1124 2048 ad
1160 2005 1255 2048 148.
1320 2018 1375 2048 ex
1418 2005 1534 2048 Plin.
1577 2006 1618 2054 9,
1651 2005 1726 2049 68.

958 2054 1126 2117 ,circa
1157 2064 1362 2107 Ebusum
1394 2064 1529 2119 salpa
1559 2064 1726 2118 princi-

973 2129 1134 2179 patum
1155 2123 1350 2174 obtinet,
1370 2123 1597 2167 obscenus
1614 2123 1728 2167 alibi

976 2188 1023 2226 et
1046 2183 1122 2238 qui
1140 2194 1362 2237 nusquam
1380 2183 1605 2238 percoqui
1621 2195 1732 2238 pos-‚

977 2242 1039 2285 sit
1092 2241 1179 2284 nisi
1231 2241 1379 2285 ferulo
1428 2241 1727 2286 verberatus“

978 2301 1087 2345 olim
1134 2301 1275 2344 malui
1322 2301 1628 2356 salparum
1684 2305 1731 2345 et

978 2374 999 2404 s
1013 2361 1109 2415 alp
1123 2372 1196 2403 as.
1229 2373 1350 2404 nunc
1372 2359 1560 2404 confero
1578 2361 1731 2404 iocum

976 2419 1133 2463 Plauti
1176 2419 1326 2462 Oasin.
1373 2423 1415 2470 2,
1448 2421 1489 2470 8,
1523 2420 1593 2463 60.
1631 2433 1731 2473 „so-

978 2479 1075 2522 leas
1090 2483 1109 2521 P
1128 2478 1206 2533 qui
1225 2491 1400 2534 quaeso
1419 2479 1576 2534 potius
1596 2491 1732 2534 quam

978 2538 1257 2593 sculponeas
1302 2537 1468 2593 quibus
1511 2538 1734 2582 batuatur

979 2597 1067 2641 tibi
1110 2599 1204 2641 0s“.
1249 2597 1288 2640 is
1331 2597 1471 2652 piscis
1505 2597 1733 2642 delicatus

979 2656 1114 2700 nobis
1167 2656 1336 2699 dicitur
1390 2655 1543 2700 adhuc
1603 2655 1735 2701 sohle

982 2720 1144 2771 estque
1175 2716 1445 2772 systematis
1465 2716 1737 2771 pleuronec-

981 2781 1051 2820 tes
1075 2776 1217 2819 solea.
1244 2800 1298 2805 —-
1332 2775 1628 2827 battuere,
1656 2789 1736 2819 un-

984 2835 1041 2878 de
1076 2834 1263 2879 barbari
1295 2832 1505 2879 fecerunt
1537 2835 1736 2887 battere,

982 2895 1232 2946 battidere,
1279 2893 1401 2938 Galli
1433 2894 1603 2945 battre‚
1645 2894 1736 2937 Pli-

982 2955 1044 2997 nii
1078 2959 1150 2997 est
1183 2953 1334 2998 ferula
1372 2954 1631 2999 verberare.
