2098 3470
900 315 1154 365 Praefatio,
1790 312 1819 367 7

231 456 379 512 dices
419 472 542 510 mss,
574 459 695 510 sunt
727 453 940 522 quidem
981 452 1018 505 ii
1056 467 1276 505 numero
1318 447 1607 503 admodum
1647 445 1824 517 pauci,

230 546 328 601 sed
378 544 627 614 quoniam
675 542 764 598 alii
819 559 937 596 cum
988 541 1107 594 aliis
1149 545 1256 593 tam
1294 538 1348 592 in
1388 538 1563 592 multis
1603 536 1825 591 truncis-

231 653 333 705 que
372 635 613 706 partibus
655 650 812 702 quam
850 632 903 685 in
943 628 1270 701 prodigiosis
1325 627 1515 681 erratis
1563 630 1825 696 perpetuo

229 725 343 780 fere
382 729 570 778 tenore
611 721 927 777 exhibendis
967 719 1187 773 mirifice
1229 716 1583 783 consentiunt,
1625 714 1717 769 alii
1757 714 1825 771 ab

230 814 310 869 his
349 813 403 867 in
442 817 664 880 utraque
704 829 762 866 16
801 810 1067 865 interdum
1107 808 1236 862 haut
1273 824 1463 877 parum
1499 805 1825 874 discrepant,

232 920 324 958 eos
376 919 550 970 neque
606 918 673 956 cx
725 918 828 955 uno
882 917 1056 968 neque
1111 915 1179 954 ex
1230 895 1391 951 valde
1430 895 1607 951 multis
1650 912 1826 949 exem-

229 992 470 1063 plaribus
497 991 798 1061 descriptos
828 989 993 1043 fuisse
1018 985 1346 1061 censendum
1377 991 1471 1040 est.
1502 989 1624 1039 sunt
1651 983 1827 1051 etiam,

231 1081 300 1136 de
339 1082 579 1151 pluribus
618 1081 692 1134 ita
734 1096 854 1135 esse
893 1083 1039 1151 put0‚
1095 1093 1257 1131 manu
1296 1058 1588 1130 admodum
1626 1073 1829 1128 recenti

232 1171 433 1242 sclipti,
474 1170 706 1239 ideoque
750 1186 842 1225 eos
883 1173 1065 1238 utpote
1106 1168 1174 1221 ab
1215 1165 1446 1220 indoctis
1478 1164 1708 1225 librariis
1738 1180 1828 1218 ex·

232 1266 410 1315 aratos
449 1260 590 1315 vitiis
630 1265 839 1315 scatere
880 1257 1094 1312 minime
1134 1256 1321 1310 mirum
1358 1260 1454 1322 est,
1497 1254 1688 1322 quibus
1716 1252 1827 1321 qui-

231 1350 357 1404 dem
409 1349 681 1404 codicibus
731 1348 939 1404 etiamsi
988 1347 1149 1417 paulo
1209 1344 1572 1413 frequentiora
1632 1341 1831 1397 menda

230 1438 587 1508 irrepsissent,
649 1437 1061 1492 condonandum
1122 1440 1265 1490 esset
1322 1433 1638 1500 hominibUS,
1710 1449 1828 1487 cum

231 1528 431 1582 ibidem
472 1527 540 1582 de
581 1532 696 1581 arte
735 1531 1048 1581 tractaretur
1084 1525 1185 1579 sibi
1218 1525 1526 1591 neutiquam
1558 1522 1830 1576 intellecta

234 1622 286 1671 et
323 1618 379 1670 in
416 1634 520 1685 qua
552 1633 717 1671 voces
749 1633 916 1685 saepe
949 1618 1290 1670 occurrerent
1318 1618 1469 1668 extra
1496 1628 1829 1666 communem

234 1723 386 1760 usum
425 1706 652 1776 positae,
696 1707 973 1773 obscurae,
1014 1705 1118 1759 nisi
1157 1703 1380 1757 medicis
1422 1707 1474 1757 et
1503 1702 1687 1769 coquis
1714 1700 1828 1754 fere

234 1795 524 1850 inauditae.
579 1797 758 1850 labem
806 1796 1119 1849 immensam
1170 1811 1327 1862 quam
1380 1792 1685 1861 exemplum
1724 1789 1829 1860 pri-

235 1886 472 1939 mitivum
512 1902 730 1955 passum
771 1890 851 1940 est
898 1884 1209 1954 superstites
1249 1882 1368 1937 libri
1407 1880 1592 1951 scripti
1630 1897 1829 1948 nequa-

239 1992 397 2042 quam
435 1976 622 2029 tollere
662 1976 858 2029 valent.
906 1978 1183 2028 truncatae
1222 1989 1386 2027 voces
1427 1975 1699 2026 extremae
1740 1987 1830 2024 an-

236 2064 425 2134 cipites
477 2065 735 2119 lectiones
783 2065 1087 2132 relinquunt
1133 2063 1286 2132 isque
1344 2077 1630 2132 perversus
1690 2077 1830 2115 com·

234 2153 553 2223 pendiorum
602 2171 750 2208 amor
796 2155 991 2207 multas
1043 2155 1225 2207 turbas
1280 2151 1445 2220 dedit,
1499 2151 1595 2206 sed
1647 2151 1831 2221 plures

235 2243 501 2298 dederunt
549 2243 894 2313 periodorum
948 2243 1267 2311 fragmenta,
1324 2243 1574 2297 concisae
1636 2247 1688 2295 et
1739 2242 1831 2295 ab-

239 2338 432 2402 ruptae
485 2334 711 2403 periodi,
762 2339 819 2387 ut
869 2333 1086 2402 saepius
1133 2333 1224 2386 vix
1278 2332 1390 2386 erui
1441 2331 1614 2401 possit
1652 2347 1831 2399 quem-

233 2422 522 2477 admodum
575 2425 740 2477 verba
799 2427 1183 2496 construantur.
1247 2420 1594 2474 divinandum
1650 2421 1832 2488 itaque

237 2517 289 2566 et
339 2517 462 2581 post
508 2513 700 2565 malam
755 2517 998 2580 segetem
1049 2509 1354 2565 serendum.
1420 2527 1697 2564 recurrere
1751 2514 1833 2563 est

234 2601 399 2655 satius
454 2618 612 2668 quam
664 2602 803 2655 male
857 2617 1086 2654 currere.
1143 2600 1436 2669 discipulus
1499 2604 1580 2654 est
1638 2599 1831 2668 prioris

234 2690 499 2760 posterior
539 2689 671 2743 dies,
714 2707 880 2758 saepe
914 2691 1053 2742 ultra
1080 2694 1237 2758 septa
1276 2687 1678 2742 transiliendum
1719 2693 1834 2742 erat

234 2779 564 2849 pedetentim
605 2778 894 2833 incedenti.
935 2778 1097 2832 illotis
1137 2777 1367 2847 pedibus
1408 2795 1516 2831 non
1554 2765 1831 2846 ingressus

236 2885 352 2922 sum
400 2869 455 2922 in
507 2868 663 2922 istam
715 2874 955 2922 veterum
1009 2869 1238 2922 culinam
1293 2873 1345 2921 et
1394 2867 1547 2935 quasi
1592 2867 1646 2921 in
1688 2866 1831 2920 dolio

235 2957 535 3026 figulariam
574 2958 755 3028 didici,
798 2975 916 3012 611111
939 2958 1190 3023 ,Minerva
1212 2975 1428 3012 manum
1453 2974 1664 3027 quoque
1690 2956 1832 3012 movi
