2098 3470
413 344 481 401 28
963 344 1061 392 Lib.
1095 344 1128 391 1.
1194 346 1443 405 Epimeles.

524 478 573 531 2.
640 477 1005 533 Conditum
1044 480 1474 535 melizomum
1516 479 1789 552 [viatorum
1825 480 2002 536 condi-

409 555 519 605 tum
543 553 893 627 melizomum]
938 560 1253 624 perpetuum
1287 556 1428 623 quod
1456 556 1876 609 subministratur
1907 573 2004 624 per

410 626 552 678 viam
590 629 982 695 peregrinanti:
1035 630 1190 697 piper
1232 630 1407 681 tritum
1457 647 1574 682 cum
1614 631 1771 683 melle
1813 630 2001 698 despu-

410 705 552 753 mato
593 701 649 754 in
691 703 956 770 cupellam
996 703 1157 755 mittis
1198 703 1394 756 conditi
1433 704 1550 757 loco
1584 709 1635 756 et
1668 704 1737 756 ad
1771 721 2000 757 momen-

408 778 516 826 tum
558 780 812 844 quantum
853 777 919 829 sit
957 776 1243 831 bibendum
1282 782 1482 830 tantum
1519 783 1609 830 aut
1640 778 1809 831 mellis
1843 794 2000 845 porro

410 846 553 902 feras
595 854 686 902 aut
717 850 1170 909 vinumjmisceas.
1208 851 1304 904 sed
1337 852 1593 904 suaserim
1626 851 1863 904 nonnihil
1896 852 2002 904 vini

410 922 690 976 melizomo
733 925 925 978 mittas,
967 925 1325 998 [adiciendum
1356 930 1575 994 propter
1602 926 1772 980 mellis
1806 925 2000 979 exitum

407 997 746 1069 solutiorem].
1103 1036 1112 1045 .
1942 1028 1945 1030 -

521 1072 569 1124 3.
629 1070 1017 1125 Absintium
1061 1089 1407 1126 romanum
1453 1073 1530 1126 sic
1571 1072 1737 1127 facies
1797 1072 2001 1127 condiri

412 1144 675 1199 Camerini
714 1146 1019 1216 praeceptis
1053 1147 1232 1216 utique
1263 1164 1358 1218 pro
1393 1147 1619 1201 absintio
1652 1153 1911 1214 cessante,
1945 1148 2000 1202 in

408 1219 554 1273 cuius
594 1220 767 1274 vicem
809 1220 1004 1274 absinti
1043 1222 1241 1290 pontici
1276 1222 1487 1290 purgati
1521 1223 1872 1290 terebintique
1905 1238 1998 1274 un-

409 1293 546 1347 ciam
585 1294 887 1348 thebaicam
933 1295 1101 1361 dabis,
1143 1296 1396 1363 masticis,
1438 1295 1531 1348 foli
1565 1297 1660 1350 III.
1704 1296 1836 1350 costi
1875 1295 1998 1349 scri-

405 1368 560 1437 pulos
595 1369 687 1423 VI.
735 1369 875 1422 croci
916 1369 1175 1438 scripulos
1208 1371 1306 1422 ΠΙ.
1347 1370 1456 1423 vini
1497 1370 1791 1423 cuiusmodi
1825 1374 1998 1424 sexta-

408 1442 516 1496 rios·
554 1442 754 1498 XVIII.
798 1444 1058 1498 carbones
1098 1444 1396 1499 amaritudo
1437 1461 1543 1497 non
1585 1444 1766 1512 exigit.

406 1621 635 1680 paulatim
652 1620 957 1668 infunduntur
982 1622 1042 1666 ad
1060 1635 1160 1666 sex-

406 1682 529 1726 taria
547 1682 639 1727 duo
658 1682 768 1733 vini,
786 1686 839 1726 ut
855 1683 899 1726 in
915 1682 1158 1738 coquendo

405 1741 541 1786 melle
556 1742 712 1786 vinum
728 1741 1028 1798 decoquatur.
1048 1741 1160 1785 For-

403 1805 530 1845 tasse
573 1814 678 1857 per
720 1801 920 1845 librariis
964 1800 1160 1845 debetur

402 1874 487 1916 pro
520 1863 561 1916 p*
585 1861 613 1904 i.
639 1874 680 1905 e.
705 1861 879 1916 pondo,
912 1860 1073 1905 librae.
1103 1885 1156 1890 —-

400 1920 750 1976 praemissis
769 1933 875 1974 exy.
897 1934 981 1976 pro
1001 1931 1158 1975 prae-

400 1978 583 2024 missi.
618 1980 676 2024 in
707 1980 1057 2035 praemissis
1080 1979 1157 2022 in-

402 2039 470 2083 de
515 2039 587 2083 ed.
634 2053 703 2095 pr.
750 2064 795 2069 -
853 2043 1157 2083 cocturam

402 2098 541 2143 codd.
578 2123 631 2128 —
665 2097 863 2142 fercla
887 2102 934 2142 et
959 2096 1158 2142 ferula

403 2157 540 2202 codd.
570 2182 623 2187 —-
657 2162 849 2201 actum
882 2157 928 2201 in
957 2158 1156 2213 quinque

402 2217 537 2261 codd.
572 2220 624 2260 ut
658 2220 897 2269 ‚‚coctum“
942 2217 1042 2260 169.
1084 2220 1156 2260 est

400 2276 470 2327 „si
502 2280 685 2320 coctum
721 2280 834 2320 est“.
879 2301 933 2305 -
973 2276 1020 2318 in
1063 2288 1155 2319 ama

397 2339 567 2391 putata
612 2334 755 2390 Apici
797 2334 1008 2378 oratione
1048 2347 1155 2390 sup-

387 2394 528 2450 pleas
564 2394 759 2445 „addis“
793 2393 866 2437 vel
913 2394 1153 2445 „misces‘fi

398 2478 453 2483 —
518 2453 799 2508 dragmae
870 2453 1153 2508 singulae

400 2512 536 2556 codd.
572 2516 619 2556 et
650 2513 761 2555 iam
783 2513 935 2555 triti.
958 2516 1008 2555 et
1034 2525 1152 2555 cum

396 2571 511 2626 pip.
548 2596 601 2601 -—-
643 2571 719 2614 iis
753 2571 1012 2626 denique
1045 2584 1101 2615 ex
1135 2571 1154 2619 ζ

395 2643 481 2685 pro
530 2629 868 2686 iisdemque
915 2630 991 2673 vel
1031 2629 1152 2673 his-

398 2688 539 2732 dem.
588 2713 633 2720 —
687 2688 985 2733 emollitis
1019 2702 1075 2733 ex
1106 2693 1150 2739 ῥ’.

395 2761 481 2802 pro
528 2747 820 2791 mollitis.
874 2772 927 2777 -—
985 2747 1150 2791 levis

397 2819 514 2851 corr.
533 2806 870 2861 prolenis.——
898 2806 1151 2850 aderunt

397 2878 454 2909 ex
485 2869 542 2919 βγ
573 2879 657 2921 pro
691 2865 925 2909 addere.

484 2924 546 2967 ad
577 2925 617 2967 2.
651 2937 830 2979 porro
863 2922 893 2966 f.
914 2936 1043 2967 tcorr.
1061 2936 1147 2978 pro

393 2982 678 3038 proferas
709 2982 784 3028 vel
809 2981 1044 3027 inferas
1071 2983 1143 3029 ed.

1251 1635 1318 1678 pr.
1345 1647 1397 1651 —
1417 1621 1692 1666 suaserit
1717 1633 1875 1666 omnes
1892 1620 1998 1666 libri

1250 1681 1437 1726 habent.
1473 1694 1585 1725 corr.
1615 1694 1716 1725 cum
1744 1681 1917 1725 Torino
1951 1685 1999 1726 et

1252 1741 1384 1786 Conr.
1413 1740 1618 1785 Gesnero
1643 1741 1688 1784 in
1717 1753 1858 1796 marg.
1887 1741 1996 1784 edit.

1249 1800 1450 1845 humelb.
1482 1800 1608 1856 quod
1634 1800 1868 1856 exemplar
1893 1799 1997 1843 Bai-

1250 1861 1339 1904 teri
1371 1860 1602 1903 amicitiae
1636 1859 1797 1903 debeo.
1840 1859 1997 1915 placet

1251 1919 1390 1964 etiam
1414 1918 1576 1962 Barthi
1606 1932 1837 1963 suasum
1865 1918 1981 1962 erit

1251 2004 1303 2008 —
1333 1978 1678 2023 solitiorem
1707 1977 1842 2023 codd.
1865 1990 1997 2034 prae-

1250 2042 1322 2082 ter
1354 2038 1424 2082 ed.
1459 2050 1525 2092 pr.

1338 2098 1399 2141 ad
1421 2099 1461 2140 3.
1513 2110 1625 2140 corr.
1652 2109 1736 2151 pro
1763 2095 1997 2140 conditi

1249 2157 1537 2201 camerini
1612 2155 1761 2199 minus
1843 2155 1996 2199 audax

1249 2229 1385 2272 quam
1427 2216 1561 2259 Hum.
1606 2214 1680 2270 qui
1716 2214 1995 2265 „absinthia-

1247 2280 1343 2319 tum
1370 2299 1423 2305 --
1445 2273 1633 2318 condito
1653 2274 1898 2324 camerino,
1926 2286 1994 2318 re-

1248 2338 1384 2389 cepto
1403 2334 1562 2389 utique
1586 2346 1670 2387 pro
1694 2331 1993 2383 absinthiato‚

1247 2397 1500 2437 cessante⁴‘.
1574 2392 1727 2435 Lister
1768 2391 1992 2446 explicat:

1244 2465 1329 2507 pro
1362 2450 1596 2495 absinthio
1631 2448 1916 2494 conficiendo
1946 2455 1994 2495 et

1246 2524 1337 2566 quo
1355 2524 1489 2554 nemo
1508 2511 1597 2553 iam
1617 2515 1697 2552 aut
1709 2510 1844 2564 pauci
1858 2514 1991 2553 utun-

1243 2574 1332 2622 tur,
1350 2583 1512 2624 nempe
1530 2569 1620 2612 isto
1640 2568 1870 2612 camerino
1885 2581 1990 2612 con-

1244 2629 1343 2673 dito
1377 2628 1757 2683 iamantiquato‚
1790 2627 1836 2670 in
1863 2627 1990 2671 cuius

1242 2688 1389 2732 vicem
1430 2687 1520 2730 hoc
1562 2699 1800 2729 romanum
1834 2685 1990 2729 condi·

1241 2750 1338 2790 tum
1370 2746 1437 2790 sic
1467 2745 1626 2789 facies.
1664 2770 1717 2774 —
1756 2758 1869 2788 corr.
1903 2758 1989 2800 pro

1241 2805 1601 2860 terendique
1649 2817 1705 2848 ex
1750 2803 1866 2847 Plin.
1919 2803 1988 2854 14,

1242 2865 1341 2907 112.
1394 2864 1510 2907 coni.
1561 2863 1670 2906 olim
1711 2862 1988 2914 ‚,caesonio“

1241 2923 1531 2967 caesoniano.
1547 2921 1759 2966 Caesonii
1769 2922 1835 2965 rei
1851 2921 1984 2965 rusti-

1241 2994 1322 3027 cae
1345 2982 1594 3038 scriptores
1614 2994 1685 3036 ap.
1701 2980 1875 3027 Colum.
1891 2982 1931 3032 1,
1942 2980 1987 3033 4,
