2098 3470
381 300 485 352 160
928 299 1029 344 Lib.
1057 297 1179 344 VIII.
1214 300 1456 357 Tetrapus.

487 432 611 483 337.
652 431 821 484 Aliter
859 431 938 485 ius
978 433 1228 500 frigidum
1268 435 1321 486 in
1375 451 1559 501 aprum
1614 436 1838 489 elixum:
1880 437 1957 503 pi-

374 521 488 572 per,
541 505 844 573 ligisticum,
899 507 1163 574 ciminum,
1219 509 1363 562 aneti
1416 525 1598 561 semen
1653 514 1704 563 et
1754 510 1955 577 timum,

375 578 672 646 origanum,
714 579 1118 648 sili-modicum,
1163 598 1356 635 erucae
1406 598 1589 635 semen
1641 584 1956 650 plusculum,

374 652 648 706 suffundes
688 670 905 721 merum,
961 655 1301 708 condimenta
1353 656 1557 722 viridia,
1611 656 1821 709 modico
1879 674 1961 710 ce-

373 742 515 794 pam,
568 727 786 794 pontica
836 729 922 781 vel
974 729 1244 795 amigdala
1299 729 1468 795 fricta,
1524 730 1791 796 dactilum,
1840 731 1960 797 mel,

375 804 602 867 acetum,
655 818 855 854 merum
907 803 1188 869 modicum,
1244 804 1450 856 coloras
1502 803 1743 870 defrictO,
1797 804 1961 870 liqua-

374 890 513 941 men,
546 875 745 928 oleum.

487 949 610 1002 338.
650 950 740 1002 Ius
781 947 935 1001 aliter
973 948 1028 1000 in
1066 966 1224 1017 apro:
1265 955 1406 1004 teres
1446 951 1619 1022 piper,
1658 950 1959 1019 ligisticum,

375 1022 671 1090 origanum,
713 1023 802 1091 api
842 1038 1040 1090 semen,
1082 1023 1269 1076 lasaris
1308 1025 1559 1092 radicem,
1590 1025 1851 1092 ciminum,
1888 1025 1963 1079 fe-

374 1096 537 1150 niculi
577 1114 778 1163 semen,
819 1102 1005 1163 rutam,
1048 1097 1331 1166 liquamen,
1373 1099 1568 1166 vinum,
1610 1115 1843 1167 passum.
1885 1098 1961 1152 fa-

375 1170 484 1224 cies
524 1175 580 1223 ut
618 1170 838 1224 ferveat.
867 1187 983 1224 cum
1010 1169 1278 1241 fervuerit,
1308 1174 1482 1227 amolo
1512 1172 1732 1241 obligas,
1776 1190 1963 1242 aprum

373 1244 510 1298 intro
549 1244 695 1299 foras
736 1250 788 1298 et
824 1244 1035 1298 inferes,

486 1320 610 1374 339.
663 1320 839 1373 Perna
878 1336 1083 1390 apruna
1120 1319 1195 1372 ita
1245 1320 1476 1388 inpletur
1525 1321 1812 1375 terentina:
1867 1338 1965 1392 per

374 1394 649 1448 articulum
689 1411 891 1463 pernae
931 1394 1111 1464 palum
1150 1394 1308 1447 mittis
1336 1395 1410 1447 ita
1436 1400 1492 1448 ut
1520 1400 1692 1449 cutem
1724 1413 1757 1448 a
1804 1413 1963 1450 carne

374 1485 611 1537 separes,
653 1478 709 1521 ut
747 1468 916 1537 possit
956 1468 1350 1521 condimentum
1402 1470 1648 1538 accipere
1701 1486 1798 1540 per
1850 1487 1962 1522 cor-

375 1544 554 1595 nulum
615 1548 666 1596 et
723 1543 974 1595 universa
1024 1543 1305 1611 inpleatur.
1358 1550 1498 1597 teres
1549 1544 1719 1615 piper,
1775 1545 1961 1597 bacam

373 1617 524 1684 lauri,
565 1622 754 1684 rutam,
796 1617 840 1669 si
880 1617 1110 1669 volueris
1145 1618 1287 1669 lasar
1314 1617 1535 1684 adicieS,
1576 1618 1844 1687 liquamen
1872 1634 1963 1686 op-

374 1691 572 1759 timum,
616 1707 902 1744 caroenum
945 1695 998 1744 et
1038 1691 1140 1744 olei
1180 1691 1362 1744 viridis
1403 1697 1597 1758 guttas.

489 1767 611 1818 340.
657 1765 787 1818 Cum
826 1765 1029 1835 inpleta
1068 1764 1241 1832 fuerit,
1297 1766 1670 1833 constringitur
1709 1765 1799 1817 illa
1839 1781 1964 1835 pars

376 1856 481 1906 qua
521 1840 724 1908 inpleta
765 1843 844 1892 est
885 1856 952 1892 ex
1003 1839 1109 1892 lino
1165 1844 1216 1892 et
1267 1840 1481 1892 mittitur
1532 1841 1588 1892 in
1638 1857 1856 1893 zemam.
1915 1844 1966 1891 et

377 1914 602 1967 elixatur
639 1914 694 1965 in
734 1930 927 1980 aquam
967 1914 1224 1966 marinam
1267 1930 1384 1966 cum
1425 1914 1557 1967 lauri
1585 1913 1876 1966 turionibus
1914 1918 1966 1965 et

375 1994 551 2042 aneto,

463 2121 525 2165 ad
541 2121 641 2165 337.
675 2119 801 2165 silfi
821 2121 955 2165 codd.
979 2121 1049 2165 35.
1072 2146 1123 2151 —-

375 2180 608 2225 modica
656 2180 790 2224 codd.
841 2180 901 2223 ad
951 2182 1018 2224 77.
1071 2205 1122 2210 -—

374 2252 521 2343 {epa
568 2240 719 2295 agitas
762 2252 837 2340 exf
861 2240 995 2342 033}
1023 2252 1123 2342 3117ιό)

377 2311 842 2414 3101111211
980 2333 988 2341 ·
1114 2331 1124 2342 ·

464 2419 525 2461 ad
556 2418 655 2461 338.
690 2418 778 2462 ius
811 2416 917 2460 add.
952 2430 1008 2461 ex
1027 2429 1122 2472 par.

377 2504 431 2510 —-
464 2477 632 2521 foras
663 2481 829 2532 tanges
861 2476 960 2520 341.

467 2537 529 2580 ad
560 2537 660 2580 339.
695 2548 920 2591 apruna
940 2535 1001 2578 ad
1023 2535 1123 2579 330.

377 2622 429 2627 ——
464 2596 770 2640 terentina
812 2595 1005 2650 inpensa
1046 2594 1126 2638 illa

375 2655 660 2759 {Zffi‘iffid'
695 2655 885 2766 225⁷&
898 2667 1131 2757 epggnffi

375 2771 461 2830 γὸζ.
511 2775 582 2818 ed.
626 2787 693 2829 pr.
735 2786 941 2818 recens
984 2773 1038 2815 H.
1075 2797 1128 2802 -—

375 2847 480 2889 per
511 2833 753 2877 articul.
795 2831 1048 2877 secundum
1077 2843 1128 2874 os

375 2905 561 2949 pernae,
608 2893 738 2937 iuxta
792 2891 1034 2936 articulum
1083 2895 1130 2934 et

377 2965 433 2997 ea
471 2958 605 3007 parte
648 2964 739 3007 qua
778 2956 848 2995 est
891 2951 1128 3001 articulus,

1215 2132 1289 2163 am
1327 2118 1671 2164 hueftknochen
1699 2118 1851 2163 hinab.
1896 2123 1968 2163 est

1214 2183 1368 2223 autem
1407 2179 1628 2223 articulus
1671 2178 1877 2234 corporis
1920 2183 1968 2222 et

1215 2238 1521 2283 membrorum
1553 2238 1716 2290 nodus,
1749 2237 1864 2281 Plin.
1898 2238 1966 2289 11,

1215 2298 1315 2341 217.
1343 2299 1442 2343 177.
1469 2323 1522 2326 —
1552 2302 1613 2341 ut
1642 2310 1725 2340 un.
1754 2295 1890 2340 codd.
1911 2321 1965 2328 —-

1215 2357 1461 2412 liquam.
1505 2361 1618 2412 opt.
1675 2356 1735 2399 ad
1792 2354 1965 2411 Gargil.

1305 2475 1366 2518 ad
1412 2475 1512 2518 340.
1599 2487 1745 2530 quae
1805 2473 1966 2528 impl.

1215 2546 1312 2590 par.
1347 2533 1417 2578 ed.
1462 2547 1528 2589 pr.
1563 2534 1619 2578 H.
1662 2534 1708 2576 in
1748 2545 1967 2590 zymam

1221 2592 1509 2645 fermentum,
1563 2593 1797 2648 sauerteig
1852 2593 1966 2635 coni.

1220 2653 1352 2696 Hum.
1388 2657 1436 2697 et
1468 2651 1647 2697 confert
1678 2652 1792 2694 Plin.
1831 2651 1898 2701 18,
1932 2664 1966 2694 s.

1221 2713 1294 2759 26.
1327 2724 1487 2756 zema
1539 2716 1590 2755 ut
1641 2710 1740 2753 364.
1786 2714 1857 2755 est
1898 2709 1968 2753 ius

1221 2769 1276 2814 cf.
1320 2771 1482 2814 Isidor.
1525 2771 1595 2821 20,
1640 2771 1680 2822 2,
1722 2771 1793 2813 32.
1844 2768 1970 2825 apud

1219 2830 1337 2874 alios
1370 2831 1509 2874 etiam
1542 2829 1635 2874 olla
1673 2829 1718 2872 in
1751 2842 1842 2885 qua
1874 2841 1970 2871 car-

1219 2903 1301 2934 nes
1350 2895 1619 2945 coquuntur.
1674 2887 1730 2932 cf.
1775 2889 1968 2932 Salmas.

1219 2949 1279 2992 ad
1323 2949 1513 3003 Vopisci
1555 2948 1718 2991 Aurel.
1761 2948 1830 2990 49.
1876 2947 1968 2990 Du-
