2098 3470
666 335 763 381 Lib.
783 335 908 385 VIII.
942 334 1188 393 Tetrapus.
1647 332 1749 387 169

160 476 240 527 tes
260 472 314 525 in
340 471 563 526 furnum.
592 474 732 524 teres
755 471 924 541 piper,
966 472 1153 535 rutam,
1196 484 1403 537 cepam,
1440 465 1749 533 satureiam,

163 547 489 602 damascena
540 546 802 612 nucleata‚
853 543 1040 597 lasaris
1093 542 1360 596 modieum
1410 541 1531 608 vivi,
1582 540 1750 607 liqua-

160 640 282 676 men
324 627 377 676 et
415 621 609 675 vinum.
686 618 900 672 fervens
939 616 1182 671 colluitur
1206 616 1261 669 in
1291 616 1456 684 disee,
1501 632 1566 669 ex
1596 619 1750 669 aeeto

160 697 394 749 sumitur.

272 772 395 824 369.
431 767 687 822 Aedum
721 767 1033 819 laureum
1070 782 1149 818 ex
1181 764 1397 817 laete:
1440 762 1634 816 aedum
1665 779 1750 816 eu-

160 862 264 912 ras,
319 859 556 909 exossas,
618 842 897 894 interanea
955 840 1067 892 eius
1123 855 1239 891 eum
1294 838 1522 904 coagulo
1576 837 1751 903 tolleS,

159 920 324 974 lavas
369 917 570 971 adicies
609 915 665 968 111
703 913 1010 967 mortarium
1052 912 1220 984 piper,
1261 912 1563 978 ligistieum,
1611 912 1751 964 lasa-

159 993 230 1046 ris
269 992 524 1059 radicem,
563 989 699 1043 lauri
738 990 904 1042 bacas
936 987 1088 1054 duas,
1130 986 1313 1057 piretri
1342 985 1626 1052 modicum,
1669 1002 1753 1038 ee-

158 1067 362 1121 rebella
415 1065 517 1118 duo
571 1065 658 1117 vel
708 1063 825 1117 tria.
880 1063 1014 1115 haee
1058 1061 1236 1114 omnia
1275 1065 1433 1127 tereS,
1476 1059 1753 1112 suffundes

159 1141 443 1208 liquamen,
483 1138 809 1209 temperabis
852 1154 919 1190 ex
959 1137 1088 1189 sale.
1132 1151 1292 1203 super
1326 1135 1564 1186 trituram
1607 1134 1754 1188 eolas

158 1215 311 1269 laetis
352 1214 614 1268 sextarios
655 1211 805 1278 duos,
859 1210 1030 1264 mellis
1083 1209 1277 1276 ligulas
1332 1208 1480 1261 duas.
1536 1207 1753 1261 1100111-

159 1306 330 1357 pensa
366 1288 619 1341 intestina
658 1286 836 1354 reples
880 1290 931 1338 et
971 1300 1135 1352 super
1175 1282 1370 1336 aedum
1411 1282 1672 1350 conponis
1701 1282 1756 1334 in

161 1364 274 1430 giro
312 1367 364 1416 et
398 1366 607 1415 omento
643 1365 793 1414 earta
825 1359 1083 1427 eoperies‚
1121 1358 1338 1410 surelas.
1379 1356 1433 1408 in
1464 1357 1753 1410 eaeeabum

160 1438 246 1491 vel
296 1437 550 1505 patellam
606 1450 877 1502 eonpones
932 1432 1142 1498 aecium,
1205 1431 1407 1484 adieies
1468 1430 1753 1497 liquamen,

163 1512 352 1577 oleum,
407 1510 601 1562 vinum.
657 1525 775 1562 eum
828 1507 899 1560 acl
950 1506 1183 1559 mediam
1224 1510 1491 1559 eoeturam
1532 1505 1754 1571 venerit,

160 1589 300 1638 teres
338 1583 511 1652 piper,
553 1582 838 1650 ligistieum
880 1586 931 1634 et
969 1581 1050 1633 ius
1093 1580 1161 1633 de
1195 1596 1289 1633 suo
1325 1579 1426 1632 sibi
1461 1578 1754 1646 suffundeS‚

161 1736 352 1783 motum,
385 1744 413 1775 a
443 1731 566 1774 laete
600 1729 841 1786 depulsum
867 1732 914 1772 et

161 1791 406 1835 herbarum
424 1791 514 1834 iam
531 1790 800 1846 patientem.
831 1787 915 1832 sed

162 1854 374 1906 praestat
405 1863 435 1905 p
451 1850 707 1893 artieum
730 1848 914 1892 nomine

161 1922 190 1952 a
221 1910 369 1953 lasere
401 1908 612 1964 parthico
647 1908 787 1952 dueto
813 1907 912 1950 240.

160 1969 282 2013 idem
313 1968 547 2012 'mendum
595 1981 668 2023 ap.
726 1968 912 2011 Petron.

160 2028 232 2079 47,
278 2029 345 2071 10.
393 2051 447 2059 —·
501 2027 629 2070 vivi
671 2039 785 2070 eorr.
829 2038 913 2080 pro

160 2088 357 2130 vinnm
390 2099 447 2130 ex
479 2086 578 2129 243.
613 2087 712 2129 393.
738 2090 785 2130 et
815 2089 913 2128 ten-

159 2146 259 2190 tavi
300 2144 700 2201 103.1οζ(1100111
733 2156 912 2188 unam.

161 2205 188 2248 1.
235 2231 289 2236 -
333 2204 578 2249 fervens
623 2204 767 2248 aedus
810 2203 910 2246 376.

160 2278 184 2308 0
198 2279 224 2309 o
238 2264 281 2307 11
295 2264 454 2308 uitur
478 2262 783 2319 perfunditur,
830 2261 914 2305 ibi-

161 2324 265 2368 dem
309 2328 356 2368 et
387 2323 487 2367 406.
538 2348 591 2352 —
627 2336 693 2366 ex
725 2326 913 2370 aceto,

159 2383 247 2426 nisi
287 2383 420 2426 malis
461 2396 528 2426 ex
567 2381 912 2432 acetabulo,

158 2442 261 2485 38'2.
294 2442 382 2485 erit
414 2439 458 2481 ἔκ
489 2440 724 2494 βάμματος,
758 2438 799 2487 ἒξ
828 2438 911 2491 ἒμ-

160 2499 384 2553 βάμματος
445 2500 520 2544 vel
583 2498 624 2546 ἓξ
681 2499 912 2552 ἕμβαφίου,

163 2558 384 2612 ὀξυβάφου
418 2558 544 2614 quod
586 2570 668 2602 vas
701 2558 763 2600 ad
793 2558 911 2612 pati-

159 2632 266 2661 nam
298 2617 623 2673 apponebatur
665 2616 727 2659 ad
760 2617 911 2660 eibum

159 2678 423 2733 liquamine,
457 2689 666 2732 oxygaro
711 2679 758 2718 et
790 2675 910 2718 simi-

158 2737 279 2781 libus
311 2736 619 2779 imbuendum.
664 2739 716 2777 ut
756 2734 909 2778 brevis

160 2797 246 2840 sim
279 2794 336 2839 ef.
371 2794 565 2838 Salmas.
609 2794 654 2837 in
687 2793 827 2838 Solin.
862 2807 905 2848 p.

161 2855 261 2898 265.
306 2854 404 2897 266.
449 2854 682 2897 Hermann
725 2852 906 2897 Grieeh.

160 2912 395 2971 privatalt.
429 2917 453 2965 g
483 2913 555 2962 28,
590 2912 658 2955 15.
694 2912 762 2955 16.

249 2972 426 3017 011369.
460 2971 664 3016 aedum
689 2971 908 3017 laurum

1007 1728 1141 1773 codd.
1177 1731 1224 1771 et
1257 1727 1327 1771 ed.
1362 1740 1429 1782 pr.
1465 1727 1587 1771 unde
1628 1727 1758 1769 lau-

1004 1791 1238 1832 reatum
1282 1785 1394 1830 feeit
1445 1786 1582 1834 Hum.
1625 1786 1756 1829 lauro

1006 1846 1243 1891 eonditum
1304 1846 1503 1902 indeque
1566 1845 1756 1889 odorem

1006 1907 1103 1950 eius
1160 1904 1422 1956 habentem,
1481 1905 1630 1960 qualis
1686 1909 1758 1949 est

1006 1966 1106 2009 379.
1140 1964 1372 2020 porcellus
1405 1964 1655 2008 laureatus.
1700 1977 1758 2007 ex

1007 2025 1171 2080 optimi
1204 2025 1305 2068 eod.
1339 2028 1370 2075 β
1403 2024 1631 2067 1011111111
1668 2022 1757 2067 feei

1004 2084 1268 2128 laureum
1308 2097 1392 2139 pro
1426 2083 1585 2127 laurea
1616 2082 1757 2126 isieiis

1004 2156 1142 2198 super
1173 2143 1322 2198 ipsum
1364 2143 1594 2185 eireinatis
1627 2155 1754 2186 eoro-

1004 2206 1178 2252 natum‚
1253 2202 1362 2245 olim
1435 2202 1756 2245 loricatum

1005 2260 1319 2305 fareiniinibus
1336 2264 1387 2304 ut
1404 2261 1550 2305 loriea
1567 2261 1756 2304 eircum-

1006 2321 1177 2364 datum.
1212 2320 1423 2364 similiter
1464 2321 1561 2363 133.
1595 2320 1758 2374 patina

1006 2393 1075 2423 ex
1122 2379 1285 2423 laete
1334 2379 1517 2431 dieitur,
1573 2379 1618 2421 in
1666 2391 1757 2434 qua

1005 2439 1161 2482 multis
1193 2439 1330 2483 rebus
1369 2451 1461 2482 una
1499 2438 1677 2493 paratis
1709 2441 1757 2482 et

1005 2498 1150 2542 eoetis
1174 2497 1247 2541 lae
1269 2511 1407 2553 super
1430 2510 1631 2541 massam
1654 2510 1756 2552 per-

1003 2556 1223 2600 funditur.
1267 2583 1322 2588 —
1356 2557 1613 2611 eoagulo
1647 2569 1756 2600 ven-

1002 2616 1186 2666 triculo,
1220 2616 1417 2660 utriculo
1442 2617 1541 2660 373.
1569 2615 1670 2659 374.
1701 2641 1754 2647 -—

1001 2675 1193 2729 pireti
1224 2675 1271 2717 in
1303 2675 1510 2730 plurimis
1556 2675 1653 2717 181.
1701 2700 1754 2704 --

1002 2735 1057 2777 111
1089 2734 1221 2790 giro
1257 2734 1390 2778 codd.
1426 2735 1454 2778 i.
1481 2747 1520 2778 e.
1545 2734 1591 2776 in
1616 2734 1755 2784 eireo,

1001 2793 1059 2837 ef.
1073 2794 1118 2836 in
1136 2807 1302 2849 gyrum
1319 2806 1391 2848 ap.
1413 2793 1599 2837 Sueten.
1623 2792 1755 2837 Caes.

998 2853 1068 2896 39.
1118 2853 1170 2896 in
1218 2852 1387 2897 zirbo
1443 2852 1579 2895 Hum.
1638 2865 1752 2896 corr.

1001 2912 1127 2967 quod
1144 2911 1204 2955 sit
1225 2911 1294 2963 „in
1308 2913 1522 2955 omento“
1544 2909 1750 2964 ἐπιπλόῳ,

1000 2970 1227 3016 Dufresne
1300 2970 1365 3014 VI
1425 2984 1468 3027 p.
1534 2970 1633 3015 935.
1699 2995 1753 3003 —-
