2098 3470
391 302 460 353 62
568 339 570 342 .
926 303 1024 347 Lib.
1062 303 1139 346 III.
1206 304 1426 359 Cepuros.

391 434 615 486 elixatos
650 435 930 504 exprimes
975 436 1170 489 deinde
1209 442 1350 489 teres
1391 437 1636 490 ciminum
1676 439 1972 505 plurimum,

388 513 575 574 rutam,
616 508 786 561 minus
826 510 968 561 lasar
1006 511 1266 580 particum
1305 511 1392 562 vel
1426 516 1650 577 acetum,
1691 513 1973 579 liquamen,

390 580 667 634 defrictum
723 590 775 635 et
825 583 999 635 oleum
1052 583 1278 635 modice.
1333 584 1541 637 fervere
1590 585 1757 638 facies
1813 591 1863 638 et
1900 586 1975 637 in-

386 653 544 708 feres4

501 729 586 781 95.
617 728 809 780 Aliter:
834 746 996 797 rapas
1022 730 1134 782 sive
1162 747 1332 797 napos
1358 731 1525 783 elixas
1553 731 1768 798 infereS,
1803 732 1977 783 oleum

394 802 789 866 subinstillabiS,
832 803 875 854 si
915 804 1078 868 voleS,
1122 809 1329 856 acetum
1370 804 1527 857 adde.

502 877 587 929 96.
630 875 764 927 Raf
773 893 962 928 anos:
1004 876 1219 929 rafanos
1260 894 1375 930 cum
1416 879 1677 945 piperatO,
1718 878 1792 930 ita
1819 883 1874 929 ut
1902 878 1976 945 pi-

388 964 486 1016 per
510 966 645 1002 cum
682 949 967 1014 liquamine
1007 955 1163 1002 teras

502 1024 585 1076 97.
632 1023 844 1075 Holus
884 1025 1106 1076 molle.
1161 1024 1313 1076 holus
1365 1024 1524 1076 molle
1579 1041 1645 1076 ex
1693 1023 1975 1076 holisatro:

391 1101 597 1149 coctum
639 1113 706 1148 ex
745 1113 885 1162 aqua
924 1097 1115 1149 nitrata
1157 1114 1468 1165 expressum
1522 1097 1771 1150 concides
1813 1098 1976 1149 minu-

389 1170 498 1223 tim.
550 1176 689 1223 teres
730 1171 899 1238 piper,
953 1171 1252 1237 ligisticum,
1295 1171 1581 1223 satureiam
1622 1171 1819 1223 siccam
1860 1188 1976 1224 cum

391 1260 527 1312 cepa
568 1244 728 1309 sicca,
770 1244 1054 1312 liquamen,
1099 1246 1272 1296 oleum
1314 1250 1365 1297 et
1403 1244 1595 1295 vinum.

502 1319 587 1370 98.
631 1317 797 1371 Aliter
835 1318 988 1370 holus
1028 1318 1216 1371 molle:
1271 1318 1452 1386 apium
1493 1334 1691 1383 coques
1733 1334 1800 1369 ex
1839 1334 1979 1383 aqua

390 1391 600 1459 nitrata,
644 1393 909 1460 exprimes
952 1397 1004 1444 et
1043 1392 1295 1445 concides
1335 1392 1587 1444 minutim.
1635 1391 1691 1443 in
1730 1393 1977 1444 mortario

389 1470 529 1518 teres
580 1465 750 1533 piper,
803 1466 1105 1532 ligisticum,
1166 1466 1460 1532 origanum,
1523 1482 1727 1533 cepam,
1782 1464 1976 1532 vinum,

390 1539 657 1606 liquamen
699 1545 750 1593 et
791 1540 978 1593 oleum.
1025 1556 1220 1606 coques
1260 1540 1314 1591 in
1353 1540 1578 1607 pultario
1622 1544 1672 1592 et
1697 1539 1772 1592 sic
1800 1540 1977 1609 apium

391 1613 702 1668 conmisces.

501 1689 587 1742 99.
629 1688 796 1741 Aliter
834 1687 986 1740 holus
1026 1687 1183 1740 molle
1226 1703 1293 1740 ex
1326 1685 1466 1739 foliis
1500 1687 1825 1740 lactucarum
1861 1704 1977 1740 cum

388 1763 598 1830 scapis:
655 1777 852 1828 coques
895 1778 962 1814 ex
1001 1778 1140 1826 aqua
1179 1761 1387 1826 nitrata,
1431 1778 1686 1828 expressa
1728 1760 1979 1814 concides

388 1837 642 1905 minutim.
679 1836 733 1887 in
760 1835 1010 1888 mortario
1046 1840 1185 1887 teres
1220 1835 1389 1902 piper,
1431 1835 1732 1901 ligisticum,
1775 1835 1864 1902 api
1897 1851 1976 1887 se-

389 1927 527 1976 men,
587 1915 818 1962 mentam
878 1909 1090 1975 siccam,
1152 1926 1364 1976 cepam,
1426 1909 1722 1975 liquamen,
1785 1909 1975 1974 oleum,

388 2001 584 2037 vmum.

1231 2077 1314 2154 pro
1333 2112 1518 2143 manare
1536 2101 1636 2143 373.
1670 2099 1855 2143 sufflere
1878 2099 1979 2142 364.

1233 2159 1385 2202 lavere
1428 2159 1473 2201 in
1517 2158 1703 2202 Sallust.
1746 2157 1798 2201 fr.
1835 2160 1873 2201 2.
1908 2158 1977 2200 81.

391 2113 447 2144 ex
479 2117 502 2154 γ
534 2099 655 2144 laser
697 2101 840 2156 igitur
872 2100 976 2144 1000
1020 2084 1141 2143 aceti

390 2158 600 2203 adhiberi
641 2164 842 2215 poterat,
890 2159 1002 2203 alibi
1048 2172 1138 2214 quo

390 2218 539 2261 acrius
585 2214 718 2263 fieret
770 2223 951 2262 acetum
980 2217 1140 2261 laseris

390 2290 526 2321 sucus
558 2278 915 2326 admiscebatur,
958 2278 1014 2320 de
1048 2290 1138 2332 quo

390 2342 525 2380 aceto
560 2337 850 2392 laser-pitiato
894 2337 939 2379 in
985 2336 1136 2380 Gloss.

391 2395 586 2440 dicetur.
619 2397 739 2440 laser
771 2400 818 2439 et
844 2401 1025 2440 acetum
1043 2395 1139 2438 iun—

390 2455 516 2510 gitur
548 2457 647 2499 393.
693 2454 814 2499 forte
858 2454 1139 2510 iungendum

394 2514 601 2567 „modice
621 2513 825 2559 fervere“
848 2512 902 2557 cf.
921 2514 1018 2564 115,
1042 2513 1136 2555 120.

389 2574 489 2616 321.
524 2574 623 2617 395.
668 2574 725 2617 de
764 2574 887 2628 rapis
919 2571 1139 2628 parandis

394 2632 492 2675 153.
542 2658 595 2664 —-
639 2631 760 2677 forte
792 2631 1032 2682 infares,
1074 2631 1140 2673 in-

391 2689 551 2744 fames,
584 2691 704 2736 farre
738 2692 917 2747 obliges
949 2691 1019 2733 42.

480 2751 541 2795 ad
572 2751 642 2794 96.
676 2751 764 2794 ita
799 2756 1046 2794 --teras
1089 2753 1141 2793 ut

391 2809 491 2852 314.
536 2815 688 2854 tereas
731 2814 806 2861 βπ.
856 2814 908 2853 ut
951 2821 1141 2862 carpeas

394 2868 494 2914 151.
542 2874 781 2925 tergeatur
839 2873 886 2912 et
932 2873 1143 2924 tergatur

392 2940 465 2984 ap.
510 2928 628 2974 Cels.
675 2929 713 2981 7,
756 2929 796 2981 1.
840 2928 906 2973 sic
957 2931 1141 2972 manere

1232 2218 1423 2261 densere
1469 2231 1553 2272 pro
1604 2218 1798 2261 densare
1845 2218 1904 2260 ib.
1938 2218 1977 2259 2.

1231 2277 1299 2320 68.
1336 2275 1390 2319 cf.
1411 2277 1607 2330 interpp.
1629 2276 1691 2319 ad
1708 2276 1851 2318 Tacit.
1874 2288 1974 2317 ann.

1231 2335 1419 2386 2‚14,2.
1453 2335 1577 2377 Bach
1612 2335 1671 2378 ad
1706 2334 1836 2379 Ovid.
1871 2339 1977 2377 met.

1233 2396 1301 2446 13,
1316 2394 1413 2437 605.
1426 2394 1660 2437 Kaercher
1677 2395 1829 2450 Etym.
1844 2394 1977 2437 beitr.

1319 2511 1380 2555 ad
1412 2513 1481 2555 97.
1534 2511 1711 2555 holus
1746 2525 1802 2555 ex
1833 2515 1863 2562 β
1894 2524 1979 2565 pro

1231 2571 1377 2616 olus.
1402 2597 1449 2600 ——
1469 2572 1751 2614 minutum
1778 2573 1847 2625 ῥ’γ.
1881 2569 1981 2612 mi-

1229 2636 1367 2674 nuta
1382 2634 1496 2673 tum
1529 2646 1574 2674 π.

1319 2689 1380 2732 ad
1427 2690 1497 2733 99.
1587 2701 1706 2731 cum
1769 2686 1980 2742 scapis

1231 2748 1393 2803 scripsi
1425 2761 1510 2802 pro
1544 2761 1663 2790 cum
1687 2746 1902 2800 caepis.
1932 2746 1980 2789 id

1233 2813 1306 2851 est
1338 2807 1544 2850 caulibus
1582 2807 1676 2850 100.
1713 2806 1886 2849 Colum.
1909 2806 1978 2856 12,

1232 2867 1274 2917 9,
1311 2867 1348 2908 1.
1390 2864 1560 2922 thyrsis
1602 2866 1717 2908 Plin.
1766 2865 1833 2915 19,
1882 2865 1977 2907 129.

1234 2924 1357 2970 Cael.
1378 2924 1492 2969 Aur.
1512 2925 1666 2969 chron.
1681 2925 1721 2976 3,
1736 2925 1774 2966 2.
1796 2922 1978 2967 strunk-
