2098 3470
811 297 1064 345 Praefatio.
1667 295 1734 348 15

143 457 281 512 „qua
308 439 520 492 nomine
540 437 828 505 Megalona
842 435 892 502 a)
932 433 1109 501 reperi
1135 432 1496 486 abiectissimo
1533 431 1588 484 in
1614 433 1734 485 loco

144 528 419 599 „codicem
447 527 831 591 semilacerum,
875 523 1021 577 cuius
1048 521 1227 574 titulus
1273 522 1493 588 qualore
1535 521 1737 577 obsitus

146 618 267 688 „vix
289 617 654 671 characterum
674 613 975 680 vestigiisre
991 612 1372 682 praesentabat
1388 611 1555 665 Caelii
1572 613 1737 681 Apitii

146 706 246 776 „de
273 723 331 758 re
359 704 614 759 culinaria
652 703 814 756 libros
856 702 1058 754 decem.
1105 700 1235 753 deus
1278 701 1434 767 bone,
1479 707 1738 768 quantum

146 795 510 863 „subsultabat
530 793 734 844 animus
768 807 899 861 prae
922 789 1138 857 gaudiO,
1169 794 1422 858 quantum
1449 791 1737 861 triumpha-

147 885 299 952 „bam
340 887 485 935 ratus
523 898 608 934 me
648 898 754 933 non
807 879 951 947 quod
991 878 1143 947 pueri
1180 878 1236 931 in
1274 878 1402 932 faba
1442 880 1736 952 clamitant,

148 970 277 1041 „sed
306 971 622 1040 palmarium
650 969 933 1038 reperisse,
962 973 1092 1037 puta
1117 985 1396 1022 romanum
1429 970 1577 1024 illum
1611 973 1737 1042 Api-

148 1062 307 1131 „tium
340 1053 643 1133 ὀψοφάγον,
685 1059 971 1112 maximum
1000 1059 1233 1112 omnium
1260 1064 1515 1127 nepotum
1556 1063 1740 1130 gurgi-

150 1155 305 1220 „tem,
336 1153 481 1204 cuius
511 1149 843 1204 celeberrimi
869 1148 1157 1218 scriptores
1185 1148 1509 1203 mentionem
1536 1150 1739 1206 faciunt

151 1254 356 1309 „eoque
395 1255 503 1292 non
540 1239 761 1293 verbum
800 1239 963 1293 verbo
1015 1239 1185 1292 solum
1233 1238 1332 1293 sed
1372 1239 1739 1295 characterum

151 1344 374 1398 „vocum
414 1328 741 1396 singularum
780 1333 1076 1382 monstrose
1137 1326 1551 1382 deformatarum
1591 1330 1740 1386 linia-

152 1423 363 1487 „menta
401 1417 671 1485 solicitius,
711 1418 786 1470 ita
825 1422 880 1470 ut
919 1435 987 1471 ne
1028 1435 1169 1489 apex
1210 1418 1426 1485 quidem
1467 1419 1743 1475 desidera-

153 1511 342 1577 „retur,
395 1505 744 1574 depingenda
785 1507 1098 1561 curavimus.
1143 1539 1215 1546 ——
1264 1510 1383 1577 ipse
1422 1509 1743 1578 simulatque

153 1595 414 1665 „penitius
446 1595 658 1667 inspexi
699 1601 751 1650 et
788 1602 1142 1666 properanter
1183 1604 1344 1667 caput
1382 1616 1540 1652 unum
1584 1606 1745 1668 atque

153 1685 408 1755 „alterum
435 1685 816 1739 transvolitavi.
859 1686 1097 1755 protinus
1138 1688 1285 1756 apud
1319 1706 1403 1742 me
1442 1690 1745 1743 mussitavit

153 1773 232 1843 „si
259 1775 512 1828 vetustior
539 1774 623 1829 hic
652 1780 853 1843 auctor,
895 1776 1020 1829 licet
1042 1793 1229 1845 parum
1258 1778 1498 1846 elegans,
1538 1779 1748 1848 integer

153 1868 242 1934 „et
278 1881 311 1917 a
337 1863 545 1917 mendis
572 1881 737 1933 purus
763 1870 1015 1934 exstaret,
1055 1865 1203 1919 haud.
1227 1868 1577 1937 ambigerem,
1621 1869 1748 1936 quin

156 1953 497 2022 „mortalibus
527 1954 744 2021 cunctis,
787 1954 885 2007 sed
913 1955 1206 2025 praecipue
1234 1957 1535 2012 medicinae
1570 1959 1749 2012 candi-

156 2040 328 2111 „datis
367 2058 526 2109 quum
566 2042 636 2095 ad
675 2045 896 2098 tutelam
937 2045 1180 2098 sanitatis
1212 2050 1320 2099 tum
1350 2046 1422 2100 ad
1447 2049 1752 2101 morborum

156 2131 517 2200 „curationem
561 2138 703 2186 essct
741 2133 967 2187 idoneus
1010 2139 1062 2188 et
1089 2135 1393 2204 cumprimis
1417 2138 1752 2191 necessarius

156 2220 368 2289 „quoad
388 2215 733 2294 διαιτητικήν,
764 2240 901 2291 quae
922 2224 1199 2293 potissima
1228 2226 1340 2280 eius
1368 2227 1496 2281 artis
1527 2233 1608 2282 est
1632 2244 1751 2298 por-

156 2341 306 2355 *νη-..4.-
313 2351 334 2355 .-

253 2414 311 2469 -*)
351 2414 422 2460 Ibi
455 2421 639 2461 centum
682 2415 780 2462 fere
813 2418 944 2462 annis
977 2422 1086 2464 ante
1120 2419 1328 2465 codicem
1361 2421 1600 2466 inventum
1634 2420 1754 2468 refe-

154 2476 259 2517 runt
300 2474 481 2530 aliquot
523 2477 611 2520 viri
652 2477 697 2521 in
739 2477 920 2522 Fabric.
963 2478 1081 2523 Bibl.
1115 2480 1218 2524 Lat.
1252 2480 1304 2524 Τ.
1330 2482 1369 2525 1.
1402 2495 1446 2537 p.
1473 2482 1572 2526 501.
1618 2483 1664 2526 in
1696 2483 1753 2527 iis

152 2532 299 2590 Bayle
331 2535 531 2579 Diction.
567 2535 671 2580 hist.
706 2536 753 2580 iu
774 2537 915 2593 Apic.
965 2538 1027 2583 Ce
1060 2538 1176 2584 libre
1209 2537 1281 2583 fut
1313 2542 1478 2585 trouve
1513 2542 1627 2586 dans
1661 2541 1755 2587 l'ile

154 2591 211 2636 de
244 2592 550 2650 Maguelonne
583 2597 749 2651 aupres
783 2596 840 2641 de
873 2597 1169 2653 Montpellier
1200 2611 1285 2654 par
1316 2599 1532 2645 Albanus
1555 2601 1755 2647 Torinus

154 2651 232 2707 qui
274 2652 317 2697 le
359 2653 519 2709 publia
558 2655 586 2699 a
627 2655 743 2700 Bale
792 2656 940 2701 douze
981 2669 1063 2701 ans
1106 2660 1257 2714 apres.
1296 2659 1329 2703 il
1372 2661 1503 2705 avoit
1535 2662 1610 2705 ete
1644 2662 1755 2720 deja

153 2713 319 2755 trouve
361 2713 548 2758 ailleurs
596 2716 701 2770 pres
743 2715 800 2760 de
834 2721 939 2762 cent
972 2729 1055 2761 ans
1087 2724 1378 2774 auparavant
1409 2733 1519 2765 sous
1551 2721 1594 2766 le
1626 2721 1755 2778 Pape

155 2769 343 2816 Nicolas
366 2770 421 2816 V.
455 2786 540 2829 par
570 2773 731 2819 Enoch
765 2775 993 2820 d’Ascoli.
1025 2777 1058 2820 il
1090 2792 1122 2836 y
1153 2778 1284 2822 avoit
1315 2791 1375 2823 au
1408 2781 1517 2825 titre
1549 2781 1607 2826 Μ.
1643 2781 1756 2827 Gae-

156 2829 287 2875 cilius
318 2830 530 2888 Apicius.
563 2832 688 2878 fama
718 2833 834 2880 haec
865 2836 906 2880 si
941 2849 1048 2881 vera
1078 2838 1299 2890 manavit,
1334 2841 1572 2896 quaeritur
1602 2841 1757 2887 adhuc

156 2888 235 2933 ubi
266 2890 328 2935 sit
358 2891 397 2935 is
429 2891 560 2937 liber.
603 2906 659 2939 eo
693 2907 785 2939 non
817 2908 950 2940 usum
982 2896 1207 2943 Albinum
1252 2899 1377 2943 omni
1418 2900 1615 2957 pignore
1649 2915 1755 2947 con-

158 2948 396 3003 tenderim,
429 2951 574 2998 editio
608 2958 732 2999 certe
765 2955 1011 3013 vestigium
1045 2958 1219 3003 codicis
1252 2971 1333 3004 ms.
1368 2973 1461 3005 non
1495 2960 1649 3007 habet.

1768 434 1781 472 s,
1795 444 1850 470 su,
1882 434 2058 484 {kq-«Cas»-
2084 443 2098 480 βξ

1749 505 1819 521 Anu-‚4
1841 492 1970 521 ἸαΝ-νιιτ
1988 479 2044 523 ³1,
2066 479 2098 537 {7
