2098 3470
369 325 439 375 94
897 325 995 369 Lib.
1018 324 1101 374 IV.
1147 325 1421 372 PandecteS.

482 457 602 509 177.
654 456 947 509 Minutal
990 475 1068 511 ex
1106 459 1551 513 iocineribus
1597 466 1661 514 et
1699 463 1951 529 pulmo-

367 529 568 583 nibus
616 531 910 600 leporis:
963 532 1202 586 invenies
1252 535 1387 587 inter
1441 535 1654 604 lepores
1699 536 1950 601 quemad-

365 603 579 656 modum
629 603 814 657 facies.
867 605 1069 659 adicies
1120 607 1174 658 in
1215 609 1508 660 caccabum
1549 608 1833 676 liquamen,
1878 611 1950 662 vi-

365 693 506 744 num,
549 678 740 744 oleum,
797 685 1012 732 coctula
1049 697 1263 750 porrum
1304 686 1356 734 et
1400 682 1736 734 coriandlum
1777 684 1950 736 conci-

365 767 498 818 sum,
539 752 692 805 isicia
730 752 945 819 minuta,
987 755 1252 823 spatulam
1293 755 1573 822 porcinam
1609 761 1814 808 coctam
1848 761 1950 809 tes-

365 825 592 878 sellatim
646 826 913 879 concisam
968 832 1019 880 et
1062 827 1116 879 in
1159 828 1385 881 eundem
1428 831 1717 882 caccabum
1757 831 1949 883 mittes

365 899 490 952 dum
530 899 782 969 coquitur,
823 905 963 953 teres
997 900 1165 969 piper,
1201 902 1500 969 lig-isticum,
1540 905 1833 971 origanum,
1870 904 1951 957 ius

365 973 434 1027 de
486 990 580 1027 suo
634 973 751 1040 sibi,
787 974 928 1026 *vino
983 979 1035 1027 et
1085 992 1246 1043 passo
1299 977 1637 1046 temperabis
1685 977 1854 1031 facies
1895 983 1950 1030 ut

363 1046 585 1103 ferveat.
626 1064 743 1101 cum
782 1046 1049 1115 fervuerit,
1091 1054 1313 1102 tractam
1355 1050 1659 1117 confringes
1702 1056 1754 1104 et
1793 1068 1861 1104 ex
1883 1069 1949 1105 ea

365 1121 785 1191 obligasxpiper
823 1123 1069 1193 aspargis
1111 1128 1162 1176 et
1199 1123 1414 1178 inferes

480 1197 598 1250 178.
661 1195 958 1249 Minuta]
999 1213 1073 1250 ex
1112 1197 1323 1250 rosis:
1381 1197 1571 1252 eodem
1609 1198 1723 1252 iure
1765 1214 1947 1267 supra-

363 1271 578 1342 scripto,
620 1269 717 1324 sed
756 1287 973 1339 passum
1012 1271 1132 1341 plus
1171 1271 1389 1326 adicies,

479 1347 599 1399 179.
644 1344 996 1417 [Tisanam
1036 1346 1145 1399 vel
1186 1345 1432 1418 sucum]
1493 1346 1818 1399 Tisanam
1870 1347 1947 1400 sic

361 1417 558 1473 facies:
599 1419 825 1472 tisanam
864 1419 1097 1473 lavando
1139 1419 1302 1474 fricas
1343 1437 1503 1487 quam
1542 1424 1665 1473 ante
1700 1419 1841 1473 diem
1874 1420 1950 1473 in-

361 1493 555 1561 fundis,
594 1493 821 1562 inpones
852 1510 1015 1562 supra
1046 1494 1228 1561 ignem
1263 1494 1508 1548 calidum.
1547 1511 1664 1548 cum
1702 1494 1948 1561 bullierit‚

362 1567 536 1622 mittes
591 1568 695 1620 olei
746 1567 874 1621 satis
916 1573 981 1621 et·
1009 1568 1150 1622 aneti
1192 1568 1458 1622 modicum
1492 1568 1821 1635 fasciculum,
1865 1586 1949 1622 ce-

361 1659 497 1710 pam-
527 1642 740 1709 siccam,
783 1642 1066 1695 satureiam
1121 1648 1172 1696 et
1211 1643 1460 1711 puleium,
1515 1648 1571 1694 ut
1608 1643 1681 1695 ibi
1723 1659 1950 1710 coquan—

360 1721 456 1769 tur.
498 1722 716 1785 propter
755 1732 939 1769 sucum
977 1716 1152 1770 mittes
1195 1717 1530 1770 coriandrum
1571 1716 1738 1769 viride
1777 1722 1828 1769 et
1866 1733 1949 1769 sa-

362 1849 466 1893 dem
514 1848 777 1893 caccabum.
823 1874 876 1878 —-
923 1847 1105 1893 infer·
1195 1862 1241 1903 p.
1274 1848 1375 1900 416,
1413 1849 1479 1892 14.
1517 1850 1561 1892 II
1591 1864 1634 1905 p.
1656 1850 1755 1901 267,
1773 1850 1813 1892 4.
1848 1850 1949 1902 269,

361 1913 500 1952 veat
543 1921 599 1952 ex
630 1924 654 1963 γ
686 1909 758 1952 ed.
802 1922 871 1963 pr.
904 1922 988 1964 pro
1021 1909 1105 1951 in-

362 1966 641 2011 ferveant
674 1971 722 2012 et
754 1966 1049 2012 ferveant.

448 2027 511 2070 ad
545 2027 644 2069 177.
702 2026 834 2070 deest
864 2027 911 2069 in
944 2030 1015 2070 θκ.
1051 2052 1103 2056 —-

361 2085 455 2130 tale
488 2085 690 2129 edulium
726 2085 914 2130 Graecis
938 2086 1106 2129 dicitur

357 2148 578 2201 μίμαρκυς.
639 2145 798 2189 inter
860 2145 1105 2200 lepores

359 2205 460 2247 399.
505 2204 563 2248 de
606 2204 786 2248 ratione
831 2203 1013 2248 dicendi
1045 2203 1106 2246 ad

363 2263 460 2306 172.
507 2288 562 2294 —
604 2276 915 2318 porrorum
969 2262 1107 2311 codd.

449 2322 511 2365 ad
544 2323 641 2365 178.
695 2322 912 2366 videntur
943 2322 1106 2366 eadem

359 2394 499 2436 poma
533 2393 650 2438 quae
685 2381 731 2424 in
765 2381 932 2425 Edicto
957 2381 1107 2424 Diocl.
1143 2400 1149 2405 ·

361 2441 402 2492 6,
437 2441 505 2483 68.
540 2441 660 2484 inter
691 2440 815 2483 mala
847 2440 999 2484 locum
1032 2440 1109 2482 ha-

359 2500 472 2544 bent
504 2504 551 2543 et
582 2500 629 2542 in
661 2499 749 2543 lex.
791 2499 991 2543 Facciol.
1036 2512 1111 2543 ex-

359 2558 590 2614 plicantur
634 2559 757 2602 mala
800 2571 949 2610 rosea,
992 2558 1112 2602 mela

359 2631 467 2662 rosa
514 2616 767 2662 hodiernae
814 2618 993 2669 Italiae,
1042 2618 1112 2661 sic

360 2677 488 2721 dicta
520 2677 579 2721 ob
618 2690 804 2730 „roseos
833 2676 971 2721 flores
989 2677 1112 2720 simi-

360 2737 429 2781 les
461 2735 652 2780 floribus
684 2737 794 2780 mali
816 2737 997 2791 punici“
1032 2735 1113 2779 Isi-

362 2796 460 2840 dor.
497 2796 566 2848 17,
602 2797 642 2847 7,
675 2796 714 2838 6.
761 2796 881 2839 unde
915 2795 1110 2839 Martial.

363 2858 402 2907 1,
433 2855 506 2907 43,
526 2855 566 2898 6.
603 2855 812 2908 „imitata
842 2855 1008 2898 breves
1032 2867 1113 2909 pu-

361 2915 465 2957 nica
496 2926 643 2969 grana
676 2917 832 2958 r“osas
841 2947 851 2965 ,
884 2914 957 2958 vel
978 2911 1111 2966 ροὸα-

361 2973 455 3016 mvn}
491 2973 653 3017 Medic.
689 2974 795 3019 min.
829 2973 900 3018 ed.
945 2972 1059 3017 Idel.
1093 2973 1114 3015 I

1199 1908 1266 1950 16.
1300 1921 1381 1951 seu
1398 1906 1608 1963 δωρακινά
1629 1909 1810 1964 persica
1830 1908 1949 1953 Geo-

1195 1980 1302 2022 pon.
1341 1968 1408 2018 10,
1447 1968 1516 2018 13,
1554 1968 1621 2012 15.
1657 1981 1758 2012 cum
1784 1969 1949 2023 interp.

1197 2031 1244 2070 et
1277 2026 1463 2070 Oornar.
1497 2027 1557 2070 ad
1574 2027 1794 2083 Aeginet.
1818 2028 1857 2078 1,
1877 2027 1946 2069 81.

1197 2099 1239 2140 p.
1285 2099 1343 2129 m.
1390 2085 1489 2129 706.
1536 2087 1670 2130 nobis
1710 2086 1949 2136 melotten‚

1198 2144 1497 2196 cartomelen‚
1526 2145 1825 2196 marillichen,
1859 2158 1951 2187 ma-

1197 2203 1355 2261 rillen?
1387 2204 1531 2247 etiam
1565 2205 1622 2248 de
1655 2205 1784 2249 bacis
1818 2216 1951 2247 rosae

1198 2263 1388 2306 caninae
1432 2263 1715 2319 cogitabam.
1742 2289 1795 2292 —
1828 2275 1953 2318 pas-

1197 2321 1246 2365 si
1278 2333 1377 2376 par.

1291 2380 1351 2423 ad
1372 2381 1468 2423 179.
1503 2380 1704 2435 repetita
1725 2381 1824 2424 208.
1843 2395 1872 2437 p
1887 2381 1952 2423 ti-

1201 2451 1402 2482 sanam
1435 2440 1568 2482 Hum.
1600 2453 1656 2483 ex
1689 2440 1761 2484 ed.
1780 2454 1846 2495 pr.
1869 2453 1953 2496 pro

1202 2499 1413 2542 codicum
1462 2512 1667 2542 meorum
1725 2500 1955 2555 scriptura

1201 2558 1474 2609 recentiore,
1515 2570 1606 2613 qua
1638 2558 1777 2601 etiam
1811 2559 1954 2602 Italo-

1202 2631 1299 2660 rum
1318 2617 1609 2667 Tolemaeus‚
1628 2617 1840 2661 silotrum
1868 2622 1953 2668 est,

1205 2681 1311 2720 sunt
1353 2676 1457 2720 libri
1500 2675 1636 2720 Nonii
1678 2689 1722 2731 p.
1756 2690 1812 2719 m.
1854 2678 1942 2720 378

1203 2735 1371 2779 Isidori
1403 2735 1475 2786 20,
1506 2736 1548 2785 3,
1582 2735 1653 2777 21.
1697 2735 1833 2778 Plinii
1850 2735 1952 2779 Val.

1205 2796 1247 2846 2,
1278 2795 1348 2837 37.
1395 2794 1454 2837 in.
1499 2793 1702 2850 Silligius
1732 2795 1846 2838 Plin.
1887 2796 1956 2846 18,

1207 2854 1276 2896 71.
1313 2852 1380 2895 74.
1417 2853 1487 2904 20,
1525 2852 1595 2896 46.
1640 2854 1711 2904 21,
1757 2855 1855 2899 165.
1895 2854 1954 2897 al.

1206 2936 1259 2941 ἡ
1311 2912 1393 2967 ig.
1445 2912 1704 2955 calidum
1759 2914 1955 2958 cinerem

1207 2971 1419 3015 calidum.
1486 2997 1537 3001 ——
1617 2973 1955 3017 coloedium
