2098 3470
677 311 791 367 Lib..
813 311 939 359 VIII.
1002 312 1246 370 Tetrapus.
1656 311 1761 366 183

173 450 293 504 dico
347 450 610 519 cepullam
655 447 949 513 concisam,
1011 451 1205 515 postea
1256 446 1530 514 globulum
1582 444 1761 499 condi-

171 529 404 578 mentum
444 524 621 577 mittes
660 527 714 577 et
751 521 984 590 agitabis
1025 520 1247 588 origano
1288 520 1375 573 vel
1414 519 1663 586 satureia,
1719 519 1762 572 si

173 615 308 669 opus
346 597 519 664 fuerit,
561 596 783 650 amolas.

285 672 408 725 399.
450 671 680 725 Aliter
718 670 1065 738 leporem:
1111 683 1179 722 ex
1218 665 1482 732 sanguine
1536 671 1588 719 et
1637 665 1763 720 ioci-

172 763 299 800 nere
340 750 392 799 et
429 744 770 813 pulmonibus
809 741 1066 810 leporinis
1106 740 1431 813 minutal:
1473 740 1677 793 adicies
1709 740 1766 793 in

173 821 467 874 caccabum
504 818 774 887 liquamen
827 821 880 870 et
933 815 1125 882 oleum,
1181 818 1398 868 coctura
1448 830 1665 882 porrum
1714 819 1767 868 et

174 892 510 948 coriandrum
560 890 857 944 minutatim
912 889 1182 956 concides,
1239 887 1496 960 [iocinera
1550 893 1602 941 et
1652 888 1766 956 pul-

172 964 377 1038 mones]
418 968 472 1019 in
513 966 805 1020 caccabum
843 963 1038 1018 mittes,
1080 980 1199 1018 cum
1240 967 1394 1016 cocta
1432 962 1642 1028 fuerint,
1691 967 1766 1016 te-

171 1058 257 1096 res
309 1041 482 1112 piper,
534 1039 801 1106 ciminum,
858 1037 1213 1103 coriandrum,
1266 1035 1458 1089 lasaris
1511 1035 1766 1104 radicem,

172 1120 422 1183 mentam,
464 1118 654 1181 rutam,
695 1112 945 1182 puleium,
990 1111 1266 1165 suffundes
1294 1115 1522 1179 acetum,
1564 1110 1769 1165 adicies

171 1189 410 1244 iocinera
446 1189 690 1257 leporum
731 1192 783 1241 et
809 1186 1142 1255 sanguinem,
1171 1190 1330 1252 tercS,
1361 1185 1466 1238 mel
1495 1189 1547 1238 et
1575 1185 1642 1238 de
1672 1202 1768 1238 suo

172 1263 289 1331 sibi,
331 1268 485 1318 aceto
526 1261 869 1333 temperabis,
912 1260 1191 1314 exinanies
1217 1259 1272 1311 in
1304 1260 1612 1326 caccabum,
1654 1259 1769 1327 pul-

173 1354 358 1392 mones
399 1338 642 1408 leporum
680 1336 974 1389 minutatim
1014 1334 1256 1388 concisos
1295 1334 1350 1385 in
1379 1333 1609 1387 eundem
1652 1351 1769 1387 cac-

174 1413 364 1466 cabum
403 1412 598 1465 mittes.
637 1410 807 1464 facies
846 1414 903 1462 ut
928 1409 1152 1462 ferveat.
1183 1425 1301 1461 cum
1328 1407 1596 1476 fervuerit,
1626 1425 1769 1460 amo-

172 1487 223 1539 lo
265 1486 492 1553 obligas,
531 1485 689 1556 piper
728 1484 974 1553 aspargis
1015 1488 1068 1549 et
1104 1482 1318 1536 inferes,
1379 1488 1383 1491 '

287 1561 412 1613 400.
454 1559 683 1612 Aliter
722 1560 1039 1629 leporem
1093 1574 1173 1611 ex
1212 1572 1334 1609 suo
1388 1554 1582 1608 iure:-
1622 1555 1769 1623 lepo-

173 1651 288 1689 rem
350 1650 522 1701 curas,
585 1644 828 1699 exossaS,
895 1647 1071 1699 ornam
1123 1630 1300 1702 mittes
1351 1629 1405 1681 in
1459 1631 1770 1696 caccabum,
1843 1649 1848 1653 ·

173 1708 379 1763 adicies
422 1725 490 1762 ex
533 1707 653 1761 oleo
693 1707 979 1774 liquamen,
1023 1710 1240 1759 coctura
1267 1704 1582 1757 fasciculum
1608 1704 1770 1774 porri,

175 1782 527 1849 coriandrum,
568 1786 800 1835 anetum.
844 1780 969 1834 dum
1011 1779 1268 1847 coquitur,
1310 1778 1514 1832 adicies
1553 1779 1606 1831 in
1635 1795 1770 1831 mor-

174 1857 365 1911 tarium
404 1857 576 1926 piper,
615 1855 920 1923 ligisticum,
964 1854 1229 1921 ciminum,
1272 1852 1540 1907 coriandri
1569 1870 1770 1919 semen,

172 1931 362 1985 lasaris
400 1930 653 1998 radicem,
696 1947 885 1999 cepam
907 1928 1132 1996 aridam,
1176 1932 1425 1994 mentam,
1454 1932 1642 1994 rutam,
1680 1928 1772 1995 api

174 2022 376 2073 semen,
413 2003 651 2071 fricabis,
693 2002 969 2057 suffundes
1011 2002 1298 2070 liquamen,
1339 2001 1542 2055 adicies
1582 2000 1772 2055 melius

173 2080 255 2133 ius
295 2080 363 2133 de
403 2095 501 2132 suo
541 2078 659 2146 sibi,
701 2076 946 2143 defrictO,
1000 2082 1155 2131 aceto
1208 2076 1550 2145 temperabis,
1602 2075 1772 2130 facies

1020 2243 1069 2283 et
1113 2237 1382 2294 pulmones“
1434 2252 1491 2283 ex
1536 2250 1679 2294 marg.
1716 2262 1773 2268 ——

1021 2298 1088 2342 de
1119 2311 1225 2342 suo
1267 2297 1384 2342 sibi
1425 2297 1563 2342 melle
1603 2297 1774 2353 quoin

176 2246 385 2297 tempore
417 2244 541 2297 post,
567 2254 682 2285 corr.
716 2253 801 2296 pro
824 2253 928 2284 mo-

177 2301 314 2345 dice
362 2301 431 2345 77.
482 2325 535 2329 ——
586 2300 928 2344 condimen-

175 2364 367 2404 torum
399 2364 431 2412 β
462 2358 533 2404 ed.
566 2372 633 2414 pr.
667 2359 726 2407 H.
760 2359 860 2402 197.

264 2419 326 2463 ad
356 2420 457 2464 399.
520 2418 787 2474 leporem
820 2417 942 2461 ali--

176 2482 267 2522 ter
311 2494 354 2521 π.
401 2477 589 2522 aliter
619 2478 675 2522 in
707 2477 746 2520 l.
779 2478 825 2520 in
860 2489 930 2521 ce-

176 2537 300 2583 teris.
337 2562 391 2567 —-
423 2535 672 2581 minutal
713 2550 798 2592 pro
831 2536 932 2580 mi-

175 2601 322 2640 nuta
354 2596 488 2641 Hum.
523 2609 636 2640 corr.
657 2609 714 2640 ex
732 2595 832 2639 177.
851 2595 931 2640 ubi

175 2657 276 2713 ipse
308 2656 508 2712 scriptor
539 2655 601 2699 ad
634 2655 755 2700 hunc
775 2655 929 2699 locum

174 2729 261 2760 nos
309 2715 514 2772 delegat.
564 2740 618 2746 —
679 2719 931 2759 coctura

177 2775 319 2834 ablat.
354 2779 550 2831 tempor.
588 2772 710 2818 forte
743 2778 926 2829 antece-

178 2834 292 2879 dens
313 2833 452 2878 litera
484 2834 537 2877 in
569 2834 808 2889 absorpsit
831 2833 928 2876 171.

178 2918 232 2923 —
266 2893 322 2937 in
355 2892 588 2938 caeca-b.
612 2893 692 2937 ubi
722 2893 838 2936 illud
861 2893 930 2936 ius

178 2953 270 2997 iam
318 2953 546 3009 coquitur.
599 2978 653 2984 —
701 2952 932 3006 „iocinera

1020 2357 1228 2413 plurimis
1261 2356 1438 2401 trituris
1485 2357 1656 2401 Noster
1687 2356 1774 2400 uti-

1022 2422 1097 2461 tur
1129 2430 1222 2460 non
1253 2415 1466 2460 adhibito
1502 2416 1599 2460 147.
1636 2416 1771 2460 Hum.

1023 2476 1095 2520 ed.
1141 2475 1370 2520 adicies
1412 2476 1537 2527 mel,
1580 2476 1672 2520 ius
1705 2475 1773 2519 de

1023 2548 1125 2579 suo
1174 2534 1303 2585 sibi,
1353 2547 1472 2591 quae
1519 2535 1612 2579 alia
1651 2534 1772 2579 ratio

1025 2599 1097 2640 est
1130 2595 1228 2637 177.
1262 2593 1363 2638 400.
1396 2594 1454 2638 al.

1110 2653 1172 2697 ad
1202 2653 1303 2697 400.
1368 2666 1436 2698 ex
1478 2652 1611 2697 oleo
1654 2652 1695 2697 1.
1727 2658 1774 2705 β.

1023 2726 1091 2758 ex
1123 2726 1210 2757 om.
1256 2714 1412 2765 ceteri,
1457 2726 1593 2769 quem
1623 2712 1773 2757 solum

1022 2785 1180 2816 casum
1212 2786 1305 2817 non
1332 2772 1608 2827 intellegens
1637 2771 1774 2816 libra-

1021 2833 1115 2876 rius
1179 2832 1352 2876 codicis
1414 2844 1511 2887 par.
1581 2831 1773 2876 oleum

1022 2891 1222 2947 Scripsi&
1268 2896 1341 2936 est
1382 2889 1629 2946 ἒλαιόγαρον
1673 2891 1770 2934 157.

1007 2952 1092 2996 732.
1141 2951 1241 2995 309.
1290 2951 1391 2996 310.
1447 2975 1500 2981 -
1557 2949 1772 2994 melius
