2098 3470
343 348 446 401 196

844 349 945 394 Lib.
970 350 1026 395 X.
1072 349 1235 395 Alieus
1268 350 1454 396 libatus.

342 491 442 550 ta8‚
487 483 769 553 sfondilos,
814 487 1006 540 urticas
1045 487 1100 540 in
1141 489 1429 541 caccabum
1469 488 1660 553 mitte&
1715 487 1932 542 nucleos

346 563 514 612 tostos
557 560 817 628 concisos,
858 566 1043 628 rutam,
1098 562 1294 630 apium,
1350 563 1521 633 piper,
1577 560 1929 630 coriandrum,

345 632 609 700 ciminum,
650 651 884 703 passum,
924 635 1208 706 liquamen,
1252 636 1523 705 cariotum,
1566 638 1755 689 oleum.

444 781 706 851 Incipit
744 781 947 852 Apici
989 782 1190 837 Caeli
1230 783 1461 838 alieus
1500 772 1783 837 libatus,

1013 917 1143 970 LIB.
1187 918 1254 972 X.

454 1050 579 1104 445.
624 1051 739 1104 Ius
780 1050 1217 1106 diabotanon
1255 1051 1319 1103 in
1349 1050 1545 1119 pisce
1573 1052 1785 1106 frixo:
1824 1054 1927 1121 pis-

343 1142 459 1180 cem
500 1125 787 1193 quemlibet
829 1143 999 1194 curas,
1042 1125 1220 1193 saliaS,
1261 1124 1443 1192 friges.
1485 1131 1626 1181 teres
1659 1127 1829 1196 piper,
1859 1128 1926 1181 ci-

333 1277 386 1318 ut
436 1273 738 1330 intellegatur
789 1274 848 1318 dc
895 1274 1092 1330 opsonio

336 1333 462 1389 quod
507 1333 643 1378 rebus
694 1333 889 1378 invicem
938 1334 1093 1378 mixtis

330 1397 386 1437 -et
430 1393 605 1437 coactis
650 1393 983 1449 obduratisque
1031 1392 1091 1437 ob

338 1452 750 1497 condensationem
771 1453 902 1508 quasi
920 1451 1089 1496 fartum

337 1516 386 1555 et
419 1511 716 1567 coagulatum
749 1517 988 1567 appareat..
1025 1512 1090 1555 in-

337 1570 437 1615 triti
469 1584 614 1627 genus
640 1571 924 1616 embractum
947 1572 1089 1616 inter-

336 1634 552 1685 pretatur
583 1629 792 1686 Scaliger
811 1631 871 1674 ad
895 1630 1089 1675 Varron.

336 1690 384 1732 L.
404 1690 453 1732 L.
478 1702 523 1744 p.
559 1688 626 1732 74.
651 1689 722 1734 ed.
742 1689 843 1745 Bip.
875 1689 1090 1734 derivan-

336 1747 444 1792 dum
464 1748 534 1792 ab
555 1747 796 1804 ἔμβρέχειν.
829 1749 1028 1806 HeSyCh.
1049 1750 1087 1792 1.

334 1821 379 1863 p.
427 1808 555 1852 1263.
600 1809 791 1861 ἕντριτον
832 1807 881 1848 τὸ
917 1810 1085 1849 Διονυ-

333 1870 430 1907 σίου
464 1868 685 1922 ἕμβρωμα,
728 1865 754 1907 ὂ
787 1867 968 1907 Γαλάται
1002 1867 1085 1922 ἒμ-

332 1925 516 1980 βρεκτὸν
550 1940 672 1979 φασιν
691 1940 792 1971 cum
815 1927 1013 1982 interpp.
1040 1932 1088 1971 et

333 1984 394 2028 ad
439 1986 660 2041 ἔνθρυπτα
700 1999 746 2041 p.
791 1985 918 2030 1240.
957 1986 1082 2029 1241.

333 2057 418 2088 nos
432 2044 608 2089 ad359.
624 2068 677 2077 ——
698 2049 928 2090 ostreas
948 2046 1084 2089 codd.

332 2103 393 2147 ad
428 2105 496 2147 12.
527 2104 973 2162 -sphondylos
1012 2105 1082 2148 ed.

330 2176 397 2217 pr.
434 2162 490 2208 cf.
512 2163 586 2207 42.
615 2164 849 2221 spondyli,
882 2164 1086 2222 spondy-

330 2222 395 2266 lia
440 2235 515 2278 ap.
560 2222 684 2267 Cael.
729 2222 891 2268 Aurel.
930 2222 1082 2267 chron.

329 2283 373 2333 3,
417 2283 458 2326 2.
503 2286 610 2326 sunt
653 2282 873 2339 spondyli
914 2283 1085 2337 gaede-

330 2341 434 2396 ropi
445 2342 494 2384 L.
506 2340 910 2397 lazarusklappen,
921 2340 1087 2396 klapp-

329 2399 605 2451 muscheln‚.
654 2400 1086 2452 stachelmuscheln‚

332 2459 407 2503 vel
451 2459 714 2503 accuratius
757 2473 914 2504 eorum
948 2460 1087 2503 verti-

331 2518 440 2569 oilli,
489 2518 693 2563 cervices
740 2532 776 2562 s.
822 2519 1083 2574 superiores

328 2582 488 2632 partes
535 2577 744 2622 duriores
777 2582 825 2621 et
858 2582 1084 2622 concoctu

330 2636 633 2687 difficiliores,
683 2637 935 2692 opponitur
976 2649 1084 2692 pars

328 2695 523 2740 interior
568 2700 615 2740 et
657 2694 847 2740 inferior
885 2696 1083 2746 mollior,

330 2754 548 2806 tenerior,
600 2759 840 2799 'concoctu
903 2753 1085 2799 facilior

330 2825 449 2868 quae
482 2813 726 2858 dicebatur
756 2813 907 2867 μήκων
938 2826 1080 2869 papa-

330 2885 424 2916 ver.
460 2871 515 2916 cf.
551 2873 673 2917 Fest.
709 2886 753 2927 p.
787 2873 887 2916 367.
931 2873 1084 2917 Xeno-

329 2934 443 2974 crat.
476 2944 548 2986 ap.
568 2931 734 2976 Ideler.
767 2931 799 2975 I.
833 2945 879 2987 p.
905 2932 1006 2983 127,
1041 2933 1082 2974 6.

332 2990 431 3044 128,
468 2990 504 3033 7.
540 2990 736 3049 interpp.
771 2990 830 3034 ad
848 2989 1021 3035 Athen.
1040 2991 1081 3042 3,

1185 1274 1243 1317 34
1274 1271 1351 1319 fin.
1383 1288 1427 1330 p.
1461 1275 1532 1319 92.
1565 1276 1607 1325 3,
1637 1274 1708 1318 42.
1742 1275 1927 1320 Petron.

1187 1334 1286 1385 130,
1321 1335 1360 1379 7.
1395 1333 1593 1391 Hesych.
1629 1335 1683 1378 II.
1720 1348 1762 1390 p.
1799 1333 1927 1380 1409.

1183 1392 1270 1436 lex.
1305 1393 1349 1437 in
1382 1392 1601 1449 τράχηλος.
1621 1392 1727 1438 huic
1742 1394 1928 1438 mollus-

1183 1464 1264 1496 cae
1276 1452 1473 1508 Neapoli
1490 1466 1655 1497 nomen
1674 1458 1745 1498 est
1760 1467 1928 1509 spuon-

1183 1512 1307 1563 nulo‚
1348 1513 1537 1557 Tarenti
1578 1513 1925 1568 scataponzolo.

1182 1571 1243 1614 ad
1279 1572 1450 1616 133.—
1485 1573 1776 1616 cariotum
1810 1585 1925 1616 corr.

1180 1642 1265 1684 pro
1300 1635 1603 1675 careotam
1632 1631 1925 1676 etHum.ca-

1179 1702 1416 1734 roenum
1450 1689 1521 1734 34.

1268 1749 1357 1793 Ad
1390 1749 1531 1794 libr.
1565 1749 1630 1793 X.
1664 1749 1927 1794 inscribitur

1177 1806 1314 1855 ἇλιεύς
1340 1809 1448 1864 quia
1466 1809 1749 1853 diversorum
1770 1813 1816 1852 et
1833 1822 1926 1853 ma-

1178 1868 1378 1912 rinorum
1427 1872 1475 1911 et
1531 1868 1822 1913 fluviatilium
1879 1873 1926 1913 et

1178 1927 1482 1983 omnigeneris
1506 1928 1696 1983 piscium
1717 1927 1925 1983 conditu-

1178 1999 1251 2030 ras
1266 1987 1482 2031 continet.
1510 1987 1744 2032 alieves
1767 1987 1924 2031 libus

1177 2046 1281 2089 lib.
1324 2046 1396 2089 X.
1437 2046 1482 2089 in
1529 2046 1750 2102 plurimis,
1799 2047 1924 2102 quod

1178 2105 1498 2161 compendium
1542 2110 1613 2150 est
1644 2105 1831 2155 libatus,
1874 2110 1925 2149 ut

1175 2164 1309 2208 luxus
1342 2169 1415 2209 est
1444 2165 1630 2209 luxatus
1661 2165 1706 2208 in
1736 2164 1923 2209 Sallust.

1178 2221 1229 2267 fr.
1265 2223 1306 2275 5,
1339 2225 1379 2267 2.
1414 2224 1459 2268 ἰη
1491 2235 1581 2268 una
1613 2224 1683 2268 ed.
1718 2237 1784 2279 pr.
1822 2224 1924 2268 ali-

1179 2296 1280 2327 eus
1312 2283 1405 2327 vel
1439 2282 1819 2327 halieuticon
1851 2283 1925 2326 li-

1178 2342 1282 2387 ber
1315 2342 1591 2392 decimus,
1625 2340 1680 2385 cf.
1708 2340 1923 2385 Heinrich

1178 2401 1238 2445 ad
1270 2401 1415 2446 Persii
1446 2401 1539 2444 Vit.
1574 2414 1616 2455 p.
1651 2400 1720 2444 49.
1755 2404 1854 2444 not.
1883 2402 1922 2444 1.

1178 2460 1303 2503 —in
1338 2460 1609 2515 piscibus
1636 2459 1729 2503 lib.
1748 2459 1804 2502 X.
1825 2472 1921 2513 par.

1177 2522 1225 2562 et
1264 2519 1309 2562 in
1353 2523 1559 2563 extremo
1593 2518 1711 2562 libro
1748 2517 1812 2561 nil
1844 2517 1923 2561 ha-

1176 2577 1258 2622 bet
1289 2578 1377 2621 nisi
1414 2579 1554 2628 Τελος,
1598 2578 1677 2622 ubi
1707 2578 1754 2620 in
1787 2577 1921 2620 codd.

1173 2637 1368 2681 recurrit
1385 2636 1509 2681 istud
1532 2637 1723 2690 „libus“.
1745 2636 1784 2679 si
1801 2649 1922 2679 com-

1173 2696 1391 2751 pendium
1442 2700 1568 2740 recte
1609 2695 1831 2750 intellego
1876 2699 1923 2738 et

1177 2754 1400 2807 „libatus“
1427 2768 1535 2798 vere
1551 2754 1830 2809 interpretor
1848 2766 1922 2796 cx-

1174 2818 1374 2868 cerptus‚
1416 2814 1455 2856 is
1487 2812 1671 2858 libellus
1704 2816 1923 2867 excerpta

1175 2872 1361 2915 maioris
1379 2872 1531 2926 operis
1551 2872 1769 2921 continet,
1804 2883 1921 2926 quae

1174 2931 1263 2975 sibi
1307 2930 1489 2975 Caelius
1532 2930 1718 2987 quidam
1760 2929 1922 2974 fecerit

1174 2995 1225 3035 ut
1255 2989 1338 3035 illa
1368 2990 1414 3034 in
1448 2990 1549 3038 cod.
1584 2989 1767 3035 salmas.
1795 2988 1920 3033 Vini-
