<?xml version="1.0" encoding="UTF-8"?>
<!DOCTYPE html PUBLIC "-//W3C//DTD XHTML 1.0 Transitional//EN"
    "http://www.w3.org/TR/xhtml1/DTD/xhtml1-transitional.dtd">
<html xmlns="http://www.w3.org/1999/xhtml" xml:lang="en" lang="en">
 <head>
  <title>
</title>
<meta http-equiv="Content-Type" content="text/html;charset=utf-8" />
  <meta name='ocr-system' content='tesseract 3.04.00' />
  <meta name='ocr-capabilities' content='ocr_page ocr_carea ocr_par ocr_line ocrx_word'/>
</head>
<body>
  <div class='ocr_page' id='page_1' title='image "apicicaelidereco00apicrich_0040.png"; bbox 0 0 2098 3470; ppageno 0'>
   <div class='ocr_carea' id='block_1_1' title="bbox 337 316 1365 376">
    <p class='ocr_par' dir='ltr' id='par_1_1' title="bbox 337 316 1365 376">
     <span class='ocr_line' id='line_1_1' title="bbox 337 316 1365 376; baseline -0.005 -8"><span class='ocrx_word' id='word_1_1' title='bbox 337 316 410 368; x_wconf 75' lang='lat'>34</span> <span class='ocrx_word' id='word_1_2' title='bbox 890 318 990 363; x_wconf 86' lang='lat' dir='ltr'>Lib.</span> <span class='ocrx_word' id='word_1_3' title='bbox 1021 318 1059 364; x_wconf 85' lang='grc' dir='ltr'><strong>Ι.</strong></span> <span class='ocrx_word' id='word_1_4' title='bbox 1120 318 1365 376; x_wconf 89' lang='lat' dir='ltr'>Epimeles.</span> 
     </span>
    </p>
   </div>
   <div class='ocr_carea' id='block_1_2' title="bbox 335 449 1920 729">
    <p class='ocr_par' dir='ltr' id='par_1_2' title="bbox 335 449 1919 669">
     <span class='ocr_line' id='line_1_2' title="bbox 447 449 1917 524; baseline 0.005 -24"><span class='ocrx_word' id='word_1_5' title='bbox 447 449 533 500; x_wconf 91' lang='grc'>20.</span> <span class='ocrx_word' id='word_1_6' title='bbox 574 449 796 502; x_wconf 82' lang='lat' dir='ltr'>Ficum</span> <span class='ocrx_word' id='word_1_7' title='bbox 827 456 1192 518; x_wconf 80' lang='lat' dir='ltr'>recentem,</span> <span class='ocrx_word' id='word_1_8' title='bbox 1236 453 1423 518; x_wconf 85' lang='lat' dir='ltr'>mala,</span> <span class='ocrx_word' id='word_1_9' title='bbox 1466 470 1696 522; x_wconf 79' lang='lat' dir='ltr'>pruna,</span> <span class='ocrx_word' id='word_1_10' title='bbox 1745 455 1917 524; x_wconf 81' lang='lat' dir='ltr'>pira,</span> 
     </span>
     <span class='ocr_line' id='line_1_3' title="bbox 337 522 1919 598; baseline 0.003 -22"><span class='ocrx_word' id='word_1_11' title='bbox 337 522 613 576; x_wconf 79' lang='lat' dir='ltr'>cerasia</span> <span class='ocrx_word' id='word_1_12' title='bbox 649 528 718 575; x_wconf 89' lang='lat' dir='ltr'>ut</span> <span class='ocrx_word' id='word_1_13' title='bbox 757 523 870 576; x_wconf 87' lang='lat' dir='ltr'>diu</span> <span class='ocrx_word' id='word_1_14' title='bbox 909 541 1173 577; x_wconf 86' lang='lat' dir='ltr'>serves:</span> <span class='ocrx_word' id='word_1_15' title='bbox 1219 526 1394 578; x_wconf 85' lang='lat' dir='ltr'>omnia</span> <span class='ocrx_word' id='word_1_16' title='bbox 1436 543 1553 579; x_wconf 91' lang='lat' dir='ltr'>cum</span> <span class='ocrx_word' id='word_1_17' title='bbox 1593 528 1802 598; x_wconf 87' lang='lat' dir='ltr'>petiolis</span> <span class='ocrx_word' id='word_1_18' title='bbox 1843 528 1919 581; x_wconf 88' lang='lat' dir='ltr'>di-</span> 
     </span>
     <span class='ocr_line' id='line_1_4' title="bbox 335 597 1916 669; baseline 0.004 -20"><span class='ocrx_word' id='word_1_19' title='bbox 335 597 564 663; x_wconf 79' lang='lat' dir='ltr'>ligenter</span> <span class='ocrx_word' id='word_1_20' title='bbox 602 597 764 664; x_wconf 84' lang='lat' dir='ltr'>legito</span> <span class='ocrx_word' id='word_1_21' title='bbox 807 603 858 651; x_wconf 90' lang='lat' dir='ltr'>et</span> <span class='ocrx_word' id='word_1_22' title='bbox 895 597 951 650; x_wconf 93' lang='lat' dir='ltr'>in</span> <span class='ocrx_word' id='word_1_23' title='bbox 982 599 1137 651; x_wconf 89' lang='lat' dir='ltr'>melle</span> <span class='ocrx_word' id='word_1_24' title='bbox 1164 600 1365 669; x_wconf 76' lang='lat' dir='ltr'>ponitO,</span> <span class='ocrx_word' id='word_1_25' title='bbox 1406 618 1473 653; x_wconf 88' lang='lat' dir='ltr'>ne</span> <span class='ocrx_word' id='word_1_26' title='bbox 1503 617 1561 653; x_wconf 92' lang='lat' dir='ltr'>se</span> <span class='ocrx_word' id='word_1_27' title='bbox 1592 602 1916 669; x_wconf 80' lang='lat' dir='ltr'>contingant.</span> 
     </span>
    </p>

    <p class='ocr_par' dir='ltr' id='par_1_3' title="bbox 447 670 1920 729">
     <span class='ocr_line' id='line_1_5' title="bbox 447 670 1920 729; baseline 0.003 -7"><span class='ocrx_word' id='word_1_28' title='bbox 447 671 532 723; x_wconf 91' lang='grc'>21.</span> <span class='ocrx_word' id='word_1_29' title='bbox 594 670 814 724; x_wconf 83' lang='lat' dir='ltr'>Citria</span> <span class='ocrx_word' id='word_1_30' title='bbox 859 677 927 723; x_wconf 89' lang='lat' dir='ltr'>ut</span> <span class='ocrx_word' id='word_1_31' title='bbox 978 672 1091 724; x_wconf 88' lang='lat' dir='ltr'>diu</span> <span class='ocrx_word' id='word_1_32' title='bbox 1144 674 1414 726; x_wconf 88' lang='lat' dir='ltr'>durent:</span> <span class='ocrx_word' id='word_1_33' title='bbox 1473 675 1528 726; x_wconf 93' lang='lat' dir='ltr'>in</span> <span class='ocrx_word' id='word_1_34' title='bbox 1580 692 1676 728; x_wconf 81' lang='lat' dir='ltr'>vas</span> <span class='ocrx_word' id='word_1_35' title='bbox 1717 676 1920 729; x_wconf 90' lang='lat' dir='ltr'>citrium</span> 
     </span>
    </p>
   </div>
   <div class='ocr_carea' id='block_1_3' title="bbox 334 744 1022 815">
    <p class='ocr_par' dir='ltr' id='par_1_4' title="bbox 334 744 1022 815">
     <span class='ocr_line' id='line_1_6' title="bbox 334 744 1022 815; baseline 0.001 -19"><span class='ocrx_word' id='word_1_36' title='bbox 334 744 500 809; x_wconf 70' lang='lat' dir='ltr'>mitte,</span> <span class='ocrx_word' id='word_1_37' title='bbox 540 744 694 815; x_wconf 82' lang='lat' dir='ltr'>gipso</span> <span class='ocrx_word' id='word_1_38' title='bbox 735 745 1022 815; x_wconf 84' lang='lat' dir='ltr'>suspende.</span> 
     </span>
    </p>
   </div>
   <div class='ocr_carea' id='block_1_4' title="bbox 334 818 1926 1257">
    <p class='ocr_par' dir='ltr' id='par_1_5' title="bbox 334 818 1925 1038">
     <span class='ocr_line' id='line_1_7' title="bbox 448 818 1923 875; baseline 0.003 -5"><span class='ocrx_word' id='word_1_39' title='bbox 448 818 534 870; x_wconf 91' lang='grc'>22.</span> <span class='ocrx_word' id='word_1_40' title='bbox 587 819 668 872; x_wconf 83' lang='lat' dir='ltr'>Ut</span> <span class='ocrx_word' id='word_1_41' title='bbox 721 818 830 871; x_wconf 86' lang='lat' dir='ltr'>diu</span> <span class='ocrx_word' id='word_1_42' title='bbox 872 818 1125 872; x_wconf 86' lang='lat' dir='ltr'>durent</span> <span class='ocrx_word' id='word_1_43' title='bbox 1171 837 1380 873; x_wconf 85' lang='lat' dir='ltr'>mora:</span> <span class='ocrx_word' id='word_1_44' title='bbox 1435 838 1501 874; x_wconf 82' lang='lat' dir='ltr'>ex</span> <span class='ocrx_word' id='word_1_45' title='bbox 1542 821 1700 873; x_wconf 89' lang='lat' dir='ltr'>moris</span> <span class='ocrx_word' id='word_1_46' title='bbox 1740 837 1923 875; x_wconf 90' lang='lat' dir='ltr'>sucum</span> 
     </span>
     <span class='ocr_line' id='line_1_8' title="bbox 334 890 1925 963; baseline 0.003 -19"><span class='ocrx_word' id='word_1_47' title='bbox 334 890 494 945; x_wconf 89' lang='lat' dir='ltr'>facito</span> <span class='ocrx_word' id='word_1_48' title='bbox 537 896 590 945; x_wconf 89' lang='lat' dir='ltr'>et</span> <span class='ocrx_word' id='word_1_49' title='bbox 629 909 747 946; x_wconf 91' lang='lat' dir='ltr'>cum</span> <span class='ocrx_word' id='word_1_50' title='bbox 786 909 920 963; x_wconf 82' lang='lat' dir='ltr'>sapa</span> <span class='ocrx_word' id='word_1_51' title='bbox 958 893 1122 947; x_wconf 90' lang='lat' dir='ltr'>misce</span> <span class='ocrx_word' id='word_1_52' title='bbox 1160 893 1215 945; x_wconf 91' lang='lat' dir='ltr'>in</span> <span class='ocrx_word' id='word_1_53' title='bbox 1253 894 1420 948; x_wconf 85' lang='lat' dir='ltr'>vitreo</span> <span class='ocrx_word' id='word_1_54' title='bbox 1448 911 1593 961; x_wconf 78' lang='lat' dir='ltr'>vase,</span> <span class='ocrx_word' id='word_1_55' title='bbox 1635 901 1743 960; x_wconf 87' lang='lat' dir='ltr'>tum</span> <span class='ocrx_word' id='word_1_56' title='bbox 1774 912 1925 949; x_wconf 90' lang='lat' dir='ltr'>mora</span> 
     </span>
     <span class='ocr_line' id='line_1_9' title="bbox 334 966 1303 1038; baseline 0.002 -20"><span class='ocrx_word' id='word_1_57' title='bbox 334 966 494 1019; x_wconf 87' lang='lat' dir='ltr'>mitte.</span> <span class='ocrx_word' id='word_1_58' title='bbox 520 966 809 1019; x_wconf 82' lang='lat' dir='ltr'>custodies</span> <span class='ocrx_word' id='word_1_59' title='bbox 848 967 1011 1018; x_wconf 88' lang='lat' dir='ltr'>multo</span> <span class='ocrx_word' id='word_1_60' title='bbox 1050 973 1303 1038; x_wconf 87' lang='lat' dir='ltr'>tempore.</span> 
     </span>
    </p>

    <p class='ocr_par' dir='ltr' id='par_1_6' title="bbox 335 1040 1926 1183">
     <span class='ocr_line' id='line_1_10' title="bbox 448 1040 1926 1098; baseline 0.002 -6"><span class='ocrx_word' id='word_1_61' title='bbox 448 1041 534 1093; x_wconf 80' lang='grc'>23.</span> <span class='ocrx_word' id='word_1_62' title='bbox 565 1040 822 1093; x_wconf 89' lang='lat' dir='ltr'>Holera</span> <span class='ocrx_word' id='word_1_63' title='bbox 859 1044 925 1092; x_wconf 90' lang='lat' dir='ltr'>ut</span> <span class='ocrx_word' id='word_1_64' title='bbox 965 1040 1081 1092; x_wconf 92' lang='lat' dir='ltr'>diu</span> <span class='ocrx_word' id='word_1_65' title='bbox 1118 1047 1517 1098; x_wconf 75' lang='lat' dir='ltr'>serventurz</span> <span class='ocrx_word' id='word_1_66' title='bbox 1546 1042 1731 1095; x_wconf 82' lang='lat' dir='ltr'>holera</span> <span class='ocrx_word' id='word_1_67' title='bbox 1756 1042 1926 1096; x_wconf 84' lang='lat' dir='ltr'>electa</span> 
     </span>
     <span class='ocr_line' id='line_1_11' title="bbox 335 1113 1569 1183; baseline 0.002 -16"><span class='ocrx_word' id='word_1_68' title='bbox 335 1130 442 1167; x_wconf 87' lang='lat' dir='ltr'>non</span> <span class='ocrx_word' id='word_1_69' title='bbox 481 1113 610 1167; x_wconf 86' lang='lat' dir='ltr'>satis</span> <span class='ocrx_word' id='word_1_70' title='bbox 650 1118 852 1166; x_wconf 87' lang='lat' dir='ltr'>matura</span> <span class='ocrx_word' id='word_1_71' title='bbox 890 1115 945 1166; x_wconf 91' lang='lat' dir='ltr'>in</span> <span class='ocrx_word' id='word_1_72' title='bbox 983 1114 1313 1182; x_wconf 86' lang='lat' dir='ltr'>vaspicetum</span> <span class='ocrx_word' id='word_1_73' title='bbox 1351 1132 1569 1183; x_wconf 84' lang='lat' dir='ltr'>repone.</span> 
     </span>
    </p>

    <p class='ocr_par' dir='ltr' id='par_1_7' title="bbox 448 1187 1925 1257">
     <span class='ocr_line' id='line_1_12' title="bbox 448 1187 1925 1257; baseline 0.001 -16"><span class='ocrx_word' id='word_1_74' title='bbox 448 1189 533 1243; x_wconf 82' lang='lat'>24.</span> <span class='ocrx_word' id='word_1_75' title='bbox 575 1189 811 1257; x_wconf 82' lang='lat' dir='ltr'>Rapae</span> <span class='ocrx_word' id='word_1_76' title='bbox 845 1192 913 1240; x_wconf 82' lang='lat' dir='ltr'>ut</span> <span class='ocrx_word' id='word_1_77' title='bbox 947 1187 1062 1241; x_wconf 90' lang='lat' dir='ltr'>diu</span> <span class='ocrx_word' id='word_1_78' title='bbox 1093 1194 1485 1245; x_wconf 81' lang='lat' dir='ltr'>serventur:</span> <span class='ocrx_word' id='word_1_79' title='bbox 1527 1195 1686 1243; x_wconf 85' lang='lat' dir='ltr'>antea</span> <span class='ocrx_word' id='word_1_80' title='bbox 1715 1193 1925 1243; x_wconf 84' lang='lat' dir='ltr'>curatas</span> 
     </span>
    </p>
   </div>
   <div class='ocr_carea' id='block_1_5' title="bbox 334 1348 1089 2530">
    <p class='ocr_par' dir='ltr' id='par_1_8' title="bbox 334 1348 1086 2284">
     <span class='ocr_line' id='line_1_13' title="bbox 336 1348 1082 1406; baseline -0.003 -11"><span class='ocrx_word' id='word_1_81' title='bbox 336 1355 407 1395; x_wconf 88' lang='lat' dir='ltr'>est</span> <span class='ocrx_word' id='word_1_82' title='bbox 436 1354 634 1394; x_wconf 79' lang='lat' dir='ltr'>mustum</span> <span class='ocrx_word' id='word_1_83' title='bbox 668 1349 911 1394; x_wconf 80' lang='lat' dir='ltr'>decoctum</span> <span class='ocrx_word' id='word_1_84' title='bbox 943 1348 1082 1406; x_wconf 87' lang='lat' dir='ltr'>idque</span> 
     </span>
     <span class='ocr_line' id='line_1_14' title="bbox 334 1408 1082 1461; baseline -0.001 -8"><span class='ocrx_word' id='word_1_85' title='bbox 334 1409 396 1453; x_wconf 81' lang='lat' dir='ltr'>ad</span> <span class='ocrx_word' id='word_1_86' title='bbox 428 1409 680 1461; x_wconf 82' lang='lat' dir='ltr'>dimidiam,</span> <span class='ocrx_word' id='word_1_87' title='bbox 714 1408 910 1453; x_wconf 86' lang='lat' dir='ltr'>decocta</span> <span class='ocrx_word' id='word_1_88' title='bbox 931 1410 1082 1452; x_wconf 88' lang='lat' dir='ltr'>suavi-</span> 
     </span>
     <span class='ocr_line' id='line_1_15' title="bbox 334 1468 1081 1539; baseline -0.001 -27"><span class='ocrx_word' id='word_1_89' title='bbox 334 1474 409 1539; x_wconf 69' lang='lat' dir='ltr'>tas</span> <span class='ocrx_word' id='word_1_90' title='bbox 441 1469 586 1513; x_wconf 85' lang='lat' dir='ltr'>Cicer.</span> <span class='ocrx_word' id='word_1_91' title='bbox 606 1469 664 1514; x_wconf 86' lang='lat' dir='ltr'>de</span> <span class='ocrx_word' id='word_1_92' title='bbox 693 1474 812 1514; x_wconf 81' lang='lat' dir='ltr'>orat.</span> <span class='ocrx_word' id='word_1_93' title='bbox 830 1470 873 1520; x_wconf 85' lang='lat'>3,</span> <span class='ocrx_word' id='word_1_94' title='bbox 892 1468 963 1520; x_wconf 77' lang='lat'>26,</span> <span class='ocrx_word' id='word_1_95' title='bbox 983 1469 1081 1513; x_wconf 87' lang='grc'><strong>103.</strong></span> 
     </span>
     <span class='ocr_line' id='line_1_16' title="bbox 335 1528 1078 1643; baseline -0.001 -12"><span class='ocrx_word' id='word_1_96' title='bbox 335 1541 486 1631; x_wconf 54' lang='grc' dir='ltr'>εψηζὲ</span> <span class='ocrx_word' id='word_1_97' title='bbox 512 1528 652 1643; x_wconf 53' lang='grc' dir='ltr'><strong>ξὸι.ηζ</strong></span> <span class='ocrx_word' id='word_1_98' title='bbox 666 1528 874 1632; x_wconf 42' lang='lat' dir='ltr'>&amp;gqis</span> <span class='ocrx_word' id='word_1_99' title='bbox 904 1599 960 1631; x_wconf 83' lang='lat' dir='ltr'>ex</span> <span class='ocrx_word' id='word_1_100' title='bbox 981 1599 1078 1641; x_wconf 86' lang='lat' dir='ltr'>par.</span> 
     </span>
     <span class='ocr_line' id='line_1_17' title="bbox 336 1646 1084 1703; baseline -0.001 -12"><span class='ocrx_word' id='word_1_101' title='bbox 336 1646 409 1692; x_wconf 87' lang='lat' dir='ltr'>ed.</span> <span class='ocrx_word' id='word_1_102' title='bbox 451 1660 516 1703; x_wconf 86' lang='lat' dir='ltr'>pr.</span> <span class='ocrx_word' id='word_1_103' title='bbox 563 1647 617 1690; x_wconf 90' lang='lat' dir='ltr'>H.</span> <span class='ocrx_word' id='word_1_104' title='bbox 671 1660 757 1702; x_wconf 88' lang='lat' dir='ltr'>pro</span> <span class='ocrx_word' id='word_1_105' title='bbox 805 1646 1084 1702; x_wconf 86' lang='lat' dir='ltr'>peciolis.</span> 
     </span>
     <span class='ocr_line' id='line_1_18' title="bbox 336 1705 1085 1761; baseline -0.003 -11"><span class='ocrx_word' id='word_1_106' title='bbox 336 1705 500 1750; x_wconf 85' lang='lat' dir='ltr'>eadem</span> <span class='ocrx_word' id='word_1_107' title='bbox 516 1707 717 1750; x_wconf 83' lang='lat' dir='ltr'>varietas</span> <span class='ocrx_word' id='word_1_108' title='bbox 746 1719 803 1750; x_wconf 86' lang='lat' dir='ltr'>ex</span> <span class='ocrx_word' id='word_1_109' title='bbox 819 1706 1085 1761; x_wconf 82' lang='lat' dir='ltr'>pronuntia-</span> 
     </span>
     <span class='ocr_line' id='line_1_19' title="bbox 335 1765 1085 1817; baseline -0.001 -7"><span class='ocrx_word' id='word_1_110' title='bbox 335 1765 463 1810; x_wconf 89' lang='lat' dir='ltr'>tione</span> <span class='ocrx_word' id='word_1_111' title='bbox 493 1770 605 1809; x_wconf 86' lang='lat' dir='ltr'>nata</span> <span class='ocrx_word' id='word_1_112' title='bbox 637 1765 813 1810; x_wconf 90' lang='lat' dir='ltr'>Colum.</span> <span class='ocrx_word' id='word_1_113' title='bbox 842 1767 908 1816; x_wconf 87' lang='grc'>12,</span> <span class='ocrx_word' id='word_1_114' title='bbox 939 1765 1011 1817; x_wconf 84' lang='grc'>46,</span> <span class='ocrx_word' id='word_1_115' title='bbox 1045 1766 1085 1809; x_wconf 83' lang='lat'>7.</span> 
     </span>
     <span class='ocr_line' id='line_1_20' title="bbox 338 1825 1082 1877; baseline -0.001 -9"><span class='ocrx_word' id='word_1_116' title='bbox 338 1826 410 1876; x_wconf 87' lang='grc'>12,</span> <span class='ocrx_word' id='word_1_117' title='bbox 439 1825 512 1877; x_wconf 88' lang='grc'>49,</span> <span class='ocrx_word' id='word_1_118' title='bbox 544 1825 584 1869; x_wconf 89' lang='grc'><strong>8.</strong></span> <span class='ocrx_word' id='word_1_119' title='bbox 630 1825 688 1869; x_wconf 92' lang='lat' dir='ltr'>de</span> <span class='ocrx_word' id='word_1_120' title='bbox 730 1825 882 1869; x_wconf 87' lang='lat' dir='ltr'>arbor.</span> <span class='ocrx_word' id='word_1_121' title='bbox 927 1825 998 1876; x_wconf 89' lang='grc'>23,</span> <span class='ocrx_word' id='word_1_122' title='bbox 1042 1826 1082 1867; x_wconf 91' lang='grc'>2.</span> 
     </span>
     <span class='ocr_line' id='line_1_21' title="bbox 335 1884 1086 1940; baseline -0.003 -12"><span class='ocrx_word' id='word_1_123' title='bbox 335 1897 505 1940; x_wconf 88' lang='lat' dir='ltr'>sequor</span> <span class='ocrx_word' id='word_1_124' title='bbox 536 1885 732 1928; x_wconf 88' lang='lat' dir='ltr'>Nonium</span> <span class='ocrx_word' id='word_1_125' title='bbox 764 1896 808 1940; x_wconf 88' lang='lat' dir='ltr'>p.</span> <span class='ocrx_word' id='word_1_126' title='bbox 846 1884 942 1927; x_wconf 82' lang='grc'><strong>109.</strong></span> <span class='ocrx_word' id='word_1_127' title='bbox 979 1897 1086 1939; x_wconf 85' lang='lat' dir='ltr'>„pe-</span> 
     </span>
     <span class='ocr_line' id='line_1_22' title="bbox 336 1943 1084 1999; baseline 0 -12"><span class='ocrx_word' id='word_1_128' title='bbox 336 1943 477 1987; x_wconf 87' lang='lat' dir='ltr'>tiolus</span> <span class='ocrx_word' id='word_1_129' title='bbox 525 1956 553 1987; x_wconf 90' lang='lat' dir='ltr'>a</span> <span class='ocrx_word' id='word_1_130' title='bbox 603 1944 723 1999; x_wconf 90' lang='lat' dir='ltr'>pede</span> <span class='ocrx_word' id='word_1_131' title='bbox 770 1943 1084 1987; x_wconf 77' lang='lat' dir='ltr'>diminui.ive“.</span> 
     </span>
     <span class='ocr_line' id='line_1_23' title="bbox 336 2001 1084 2058; baseline 0 -12"><span class='ocrx_word' id='word_1_132' title='bbox 336 2007 409 2046; x_wconf 82' lang='lat' dir='ltr'>est</span> <span class='ocrx_word' id='word_1_133' title='bbox 432 2002 672 2058; x_wconf 89' lang='lat' dir='ltr'>pediculus</span> <span class='ocrx_word' id='word_1_134' title='bbox 702 2001 837 2045; x_wconf 91' lang='lat' dir='ltr'>Plinii</span> <span class='ocrx_word' id='word_1_135' title='bbox 870 2007 917 2046; x_wconf 91' lang='lat' dir='ltr'>et</span> <span class='ocrx_word' id='word_1_136' title='bbox 950 2001 1084 2046; x_wconf 87' lang='lat' dir='ltr'>Colu-</span> 
     </span>
     <span class='ocr_line' id='line_1_24' title="bbox 336 2061 1084 2117; baseline -0.001 -12"><span class='ocrx_word' id='word_1_137' title='bbox 336 2061 500 2106; x_wconf 87' lang='lat' dir='ltr'>mellae</span> <span class='ocrx_word' id='word_1_138' title='bbox 515 2061 750 2106; x_wconf 82' lang='lat' dir='ltr'>etPallad.</span> <span class='ocrx_word' id='word_1_139' title='bbox 766 2065 807 2112; x_wconf 78' lang='lat'>2,</span> <span class='ocrx_word' id='word_1_140' title='bbox 826 2063 893 2112; x_wconf 75' lang='lat'>15,</span> <span class='ocrx_word' id='word_1_141' title='bbox 907 2062 964 2112; x_wconf 84' lang='grc'>5.,</span> <span class='ocrx_word' id='word_1_142' title='bbox 981 2074 1084 2117; x_wconf 88' lang='lat' dir='ltr'>par-</span> 
     </span>
     <span class='ocr_line' id='line_1_25' title="bbox 335 2120 1083 2178; baseline -0.003 -13"><span class='ocrx_word' id='word_1_143' title='bbox 335 2133 421 2165; x_wconf 87' lang='lat' dir='ltr'>vus</span> <span class='ocrx_word' id='word_1_144' title='bbox 452 2134 535 2176; x_wconf 87' lang='lat' dir='ltr'>pes</span> <span class='ocrx_word' id='word_1_145' title='bbox 569 2134 660 2178; x_wconf 93' lang='lat' dir='ltr'>quo</span> <span class='ocrx_word' id='word_1_146' title='bbox 693 2120 857 2164; x_wconf 84' lang='lat' dir='ltr'>folium</span> <span class='ocrx_word' id='word_1_147' title='bbox 888 2126 970 2164; x_wconf 84' lang='lat' dir='ltr'>aut</span> <span class='ocrx_word' id='word_1_148' title='bbox 1000 2134 1083 2175; x_wconf 88' lang='lat' dir='ltr'>po-</span> 
     </span>
     <span class='ocr_line' id='line_1_26' title="bbox 335 2179 1082 2225; baseline -0.003 -1"><span class='ocrx_word' id='word_1_149' title='bbox 335 2193 458 2224; x_wconf 88' lang='lat' dir='ltr'>mum</span> <span class='ocrx_word' id='word_1_150' title='bbox 486 2181 739 2225; x_wconf 81' lang='lat' dir='ltr'>sustinetur</span> <span class='ocrx_word' id='word_1_151' title='bbox 767 2184 814 2224; x_wconf 91' lang='lat' dir='ltr'>et</span> <span class='ocrx_word' id='word_1_152' title='bbox 831 2179 987 2225; x_wconf 88' lang='lat' dir='ltr'>arbori</span> <span class='ocrx_word' id='word_1_153' title='bbox 1002 2179 1082 2223; x_wconf 86' lang='lat' dir='ltr'>ad·</span> 
     </span>
     <span class='ocr_line' id='line_1_27' title="bbox 335 2238 511 2284; baseline -0.006 -1"><span class='ocrx_word' id='word_1_154' title='bbox 335 2238 511 2284; x_wconf 80' lang='lat' dir='ltr'>haeret.</span> 
     </span>
    </p>

    <p class='ocr_par' dir='ltr' id='par_1_9' title="bbox 335 2297 1089 2530">
     <span class='ocr_line' id='line_1_28' title="bbox 431 2297 1088 2352; baseline -0.002 -10"><span class='ocrx_word' id='word_1_155' title='bbox 431 2298 493 2342; x_wconf 80' lang='lat' dir='ltr'>ad</span> <span class='ocrx_word' id='word_1_156' title='bbox 524 2299 596 2343; x_wconf 89' lang='grc'>21.</span> <span class='ocrx_word' id='word_1_157' title='bbox 645 2297 887 2343; x_wconf 89' lang='lat' dir='ltr'>citrium</span> <span class='ocrx_word' id='word_1_158' title='bbox 921 2297 1088 2352; x_wconf 84' lang='lat' dir='ltr'>repeti-</span> 
     </span>
     <span class='ocr_line' id='line_1_29' title="bbox 336 2356 1088 2414; baseline -0.004 -12"><span class='ocrx_word' id='word_1_159' title='bbox 336 2362 411 2402; x_wconf 90' lang='lat' dir='ltr'>tur</span> <span class='ocrx_word' id='word_1_160' title='bbox 433 2362 486 2402; x_wconf 90' lang='lat' dir='ltr'>ut</span> <span class='ocrx_word' id='word_1_161' title='bbox 511 2358 716 2401; x_wconf 82' lang='lat' dir='ltr'>dicatur:</span> <span class='ocrx_word' id='word_1_162' title='bbox 749 2356 931 2414; x_wconf 88' lang='lat' dir='ltr'>singula</span> <span class='ocrx_word' id='word_1_163' title='bbox 964 2356 1088 2400; x_wconf 68' lang='lat' dir='ltr'>vasis</span> 
     </span>
     <span class='ocr_line' id='line_1_30' title="bbox 336 2415 1088 2474; baseline -0.003 -13"><span class='ocrx_word' id='word_1_164' title='bbox 336 2417 531 2474; x_wconf 86' lang='lat' dir='ltr'>singulis</span> <span class='ocrx_word' id='word_1_165' title='bbox 576 2417 865 2467; x_wconf 84' lang='lat' dir='ltr'>claudantur,</span> <span class='ocrx_word' id='word_1_166' title='bbox 909 2415 1088 2472; x_wconf 83' lang='lat' dir='ltr'>Pallad.</span> 
     </span>
     <span class='ocr_line' id='line_1_31' title="bbox 335 2475 1089 2530; baseline -0.004 -10"><span class='ocrx_word' id='word_1_167' title='bbox 335 2476 379 2529; x_wconf 85' lang='lat'>4,</span> <span class='ocrx_word' id='word_1_168' title='bbox 416 2477 484 2528; x_wconf 88' lang='lat'>10,</span> <span class='ocrx_word' id='word_1_169' title='bbox 521 2477 587 2520; x_wconf 88' lang='grc'>18.</span> <span class='ocrx_word' id='word_1_170' title='bbox 621 2477 736 2519; x_wconf 90' lang='lat' dir='ltr'>Plin.</span> <span class='ocrx_word' id='word_1_171' title='bbox 779 2478 843 2527; x_wconf 80' lang='lat'>15,</span> <span class='ocrx_word' id='word_1_172' title='bbox 869 2475 939 2518; x_wconf 85' lang='lat'>65.</span> <span class='ocrx_word' id='word_1_173' title='bbox 972 2475 1089 2530; x_wconf 89' lang='lat' dir='ltr'>gip-</span> 
     </span>
    </p>
   </div>
   <div class='ocr_carea' id='block_1_6' title="bbox 337 2533 1123 2591">
    <p class='ocr_par' dir='ltr' id='par_1_10' title="bbox 337 2533 1123 2591">
     <span class='ocr_line' id='line_1_32' title="bbox 337 2533 1123 2591; baseline -0.003 -11"><span class='ocrx_word' id='word_1_174' title='bbox 337 2549 401 2580; x_wconf 90' lang='lat' dir='ltr'>so</span> <span class='ocrx_word' id='word_1_175' title='bbox 465 2535 764 2591; x_wconf 87' lang='lat' dir='ltr'>suspende</span> <span class='ocrx_word' id='word_1_176' title='bbox 828 2547 942 2579; x_wconf 89' lang='lat' dir='ltr'>corr.</span> <span class='ocrx_word' id='word_1_177' title='bbox 1003 2533 1123 2589; x_wconf 52' lang='lat' dir='ltr'>pro*</span> 
     </span>
    </p>
   </div>
   <div class='ocr_carea' id='block_1_7' title="bbox 337 2594 1091 3006">
    <p class='ocr_par' dir='ltr' id='par_1_11' title="bbox 337 2594 1091 3006">
     <span class='ocr_line' id='line_1_33' title="bbox 337 2594 1090 2652; baseline -0.005 -13"><span class='ocrx_word' id='word_1_178' title='bbox 337 2595 531 2652; x_wconf 86' lang='lat' dir='ltr'>gipsa,</span> <span class='ocrx_word' id='word_1_179' title='bbox 574 2608 728 2650; x_wconf 89' lang='lat' dir='ltr'>susp.</span> <span class='ocrx_word' id='word_1_180' title='bbox 775 2598 825 2638; x_wconf 89' lang='lat' dir='ltr'>ut</span> <span class='ocrx_word' id='word_1_181' title='bbox 868 2594 953 2637; x_wconf 87' lang='lat' dir='ltr'>sit:</span> <span class='ocrx_word' id='word_1_182' title='bbox 997 2606 1090 2636; x_wconf 90' lang='lat' dir='ltr'>non</span> 
     </span>
     <span class='ocr_line' id='line_1_34' title="bbox 337 2652 1091 2709; baseline -0.004 -11"><span class='ocrx_word' id='word_1_183' title='bbox 337 2655 454 2698; x_wconf 83' lang='lat' dir='ltr'>satis</span> <span class='ocrx_word' id='word_1_184' title='bbox 472 2652 703 2709; x_wconf 87' lang='lat' dir='ltr'>profunde</span> <span class='ocrx_word' id='word_1_185' title='bbox 721 2666 892 2709; x_wconf 84' lang='lat' dir='ltr'>merge,</span> <span class='ocrx_word' id='word_1_186' title='bbox 925 2653 1091 2697; x_wconf 86' lang='lat' dir='ltr'>leviter</span> 
     </span>
     <span class='ocr_line' id='line_1_35' title="bbox 338 2713 1089 2769; baseline -0.004 -12"><span class='ocrx_word' id='word_1_187' title='bbox 338 2713 550 2758; x_wconf 87' lang='lat' dir='ltr'>demersa</span> <span class='ocrx_word' id='word_1_188' title='bbox 620 2725 846 2769; x_wconf 90' lang='lat' dir='ltr'>compone</span> <span class='ocrx_word' id='word_1_189' title='bbox 862 2746 872 2764; x_wconf 97' lang='lat'>,</span> <span class='ocrx_word' id='word_1_190' title='bbox 938 2724 1089 2768; x_wconf 85' lang='lat' dir='ltr'>gypso</span> 
     </span>
     <span class='ocr_line' id='line_1_36' title="bbox 339 2771 1089 2827; baseline -0.008 -12"><span class='ocrx_word' id='word_1_191' title='bbox 339 2772 479 2817; x_wconf 78' lang='lat' dir='ltr'>alline</span> <span class='ocrx_word' id='word_1_192' title='bbox 503 2786 559 2816; x_wconf 79' lang='lat' dir='ltr'>ex</span> <span class='ocrx_word' id='word_1_193' title='bbox 583 2772 765 2816; x_wconf 82' lang='lat' dir='ltr'>Pallad.</span> <span class='ocrx_word' id='word_1_194' title='bbox 790 2771 919 2827; x_wconf 74' lang='grc' dir='ltr'>γύψῳ</span> <span class='ocrx_word' id='word_1_195' title='bbox 942 2786 1089 2822; x_wconf 81' lang='grc' dir='ltr'><em>πεφυ-</em></span> 
     </span>
     <span class='ocr_line' id='line_1_37' title="bbox 340 2829 1090 2888; baseline 0.001 -17"><span class='ocrx_word' id='word_1_196' title='bbox 340 2834 495 2888; x_wconf 77' lang='grc' dir='ltr'><em>ραμένῃ</em></span> <span class='ocrx_word' id='word_1_197' title='bbox 548 2830 748 2887; x_wconf 78' lang='grc' dir='ltr'><em>κατάχριε</em></span> <span class='ocrx_word' id='word_1_198' title='bbox 796 2843 853 2875; x_wconf 82' lang='lat' dir='ltr'>ex</span> <span class='ocrx_word' id='word_1_199' title='bbox 897 2829 1090 2874; x_wconf 66' lang='lat' dir='ltr'>Sotion&amp;</span> 
     </span>
     <span class='ocr_line' id='line_1_38' title="bbox 341 2884 1091 2947; baseline -0.004 -12"><span class='ocrx_word' id='word_1_200' title='bbox 341 2890 550 2947; x_wconf 79' lang='lat' dir='ltr'>Geopon.</span> <span class='ocrx_word' id='word_1_201' title='bbox 577 2891 646 2943; x_wconf 88' lang='grc'>10,</span> <span class='ocrx_word' id='word_1_202' title='bbox 675 2891 741 2935; x_wconf 88' lang='grc'>10.</span> <span class='ocrx_word' id='word_1_203' title='bbox 763 2891 830 2935; x_wconf 88' lang='lat' dir='ltr'>sic</span> <span class='ocrx_word' id='word_1_204' title='bbox 850 2889 990 2934; x_wconf 83' lang='lat' dir='ltr'>sorba</span> <span class='ocrx_word' id='word_1_205' title='bbox 1012 2884 1091 2933; x_wconf 88' lang='lat' dir='ltr'>fic-</span> 
     </span>
     <span class='ocr_line' id='line_1_39' title="bbox 338 2948 1085 3006; baseline -0.005 -11"><span class='ocrx_word' id='word_1_206' title='bbox 338 2950 499 2998; x_wconf 82' lang='lat' dir='ltr'>tilibus</span> <span class='ocrx_word' id='word_1_207' title='bbox 516 2963 662 3006; x_wconf 89' lang='lat' dir='ltr'>usque</span> <span class='ocrx_word' id='word_1_208' title='bbox 679 2950 739 2993; x_wconf 88' lang='lat' dir='ltr'>ad</span> <span class='ocrx_word' id='word_1_209' title='bbox 761 2950 946 3005; x_wconf 87' lang='lat' dir='ltr'>plenum</span> <span class='ocrx_word' id='word_1_210' title='bbox 965 2948 1085 2992; x_wconf 89' lang='lat' dir='ltr'>clau-</span> 
     </span>
    </p>
   </div>
   <div class='ocr_carea' id='block_1_8' title="bbox 1172 1349 1926 1466">
    <p class='ocr_par' dir='ltr' id='par_1_12' title="bbox 1172 1349 1926 1466">
     <span class='ocr_line' id='line_1_40' title="bbox 1174 1349 1926 1407; baseline 0.001 -14"><span class='ocrx_word' id='word_1_211' title='bbox 1174 1349 1345 1394; x_wconf 88' lang='lat' dir='ltr'>duntur</span> <span class='ocrx_word' id='word_1_212' title='bbox 1376 1350 1573 1396; x_wconf 88' lang='lat' dir='ltr'>urceolis</span> <span class='ocrx_word' id='word_1_213' title='bbox 1608 1364 1759 1407; x_wconf 88' lang='lat' dir='ltr'>gypso</span> <span class='ocrx_word' id='word_1_214' title='bbox 1789 1350 1926 1395; x_wconf 85' lang='lat' dir='ltr'>desu-</span> 
     </span>
     <span class='ocr_line' id='line_1_41' title="bbox 1172 1409 1924 1466; baseline 0.001 -13"><span class='ocrx_word' id='word_1_215' title='bbox 1172 1423 1255 1464; x_wconf 87' lang='lat' dir='ltr'>per</span> <span class='ocrx_word' id='word_1_216' title='bbox 1286 1411 1437 1463; x_wconf 84' lang='lat' dir='ltr'>tectis,</span> <span class='ocrx_word' id='word_1_217' title='bbox 1471 1422 1543 1466; x_wconf 85' lang='lat' dir='ltr'>ap.</span> <span class='ocrx_word' id='word_1_218' title='bbox 1582 1410 1698 1453; x_wconf 83' lang='lat' dir='ltr'>Pail.</span> <span class='ocrx_word' id='word_1_219' title='bbox 1724 1412 1765 1461; x_wconf 71' lang='lat'>2,</span> <span class='ocrx_word' id='word_1_220' title='bbox 1789 1410 1854 1461; x_wconf 84' lang='lat'>15,</span> <span class='ocrx_word' id='word_1_221' title='bbox 1880 1409 1924 1454; x_wconf 86' lang='lat'>4.</span> 
     </span>
    </p>
   </div>
   <div class='ocr_carea' id='block_1_9' title="bbox 1170 1469 1844 1526">
    <p class='ocr_par' dir='ltr' id='par_1_13' title="bbox 1170 1469 1844 1526">
     <span class='ocr_line' id='line_1_42' title="bbox 1170 1469 1844 1526; baseline 0.001 -14"><span class='ocrx_word' id='word_1_222' title='bbox 1170 1480 1323 1526; x_wconf 84' lang='lat' dir='ltr'>gypso</span> <span class='ocrx_word' id='word_1_223' title='bbox 1357 1470 1555 1513; x_wconf 90' lang='lat' dir='ltr'>includis</span> <span class='ocrx_word' id='word_1_224' title='bbox 1594 1472 1663 1519; x_wconf 85' lang='grc'>11,</span> <span class='ocrx_word' id='word_1_225' title='bbox 1700 1469 1768 1520; x_wconf 88' lang='lat'>17,</span> <span class='ocrx_word' id='word_1_226' title='bbox 1802 1472 1844 1513; x_wconf 76' lang='lat'>2.</span> 
     </span>
    </p>
   </div>
   <div class='ocr_carea' id='block_1_10' title="bbox 1174 1527 1929 3004">
    <p class='ocr_par' dir='ltr' id='par_1_14' title="bbox 1174 1527 1927 2164">
     <span class='ocr_line' id='line_1_43' title="bbox 1260 1527 1921 1582; baseline -0.002 -10"><span class='ocrx_word' id='word_1_227' title='bbox 1260 1528 1322 1572; x_wconf 88' lang='lat' dir='ltr'>ad</span> <span class='ocrx_word' id='word_1_228' title='bbox 1344 1530 1413 1571; x_wconf 81' lang='grc'>22.</span> <span class='ocrx_word' id='word_1_229' title='bbox 1447 1541 1608 1573; x_wconf 79' lang='lat' dir='ltr'>mora</span> <span class='ocrx_word' id='word_1_230' title='bbox 1640 1542 1729 1572; x_wconf 87' lang='lat' dir='ltr'>om.</span> <span class='ocrx_word' id='word_1_231' title='bbox 1761 1532 1816 1582; x_wconf 60' lang='grc' dir='ltr'>β]</span> <span class='ocrx_word' id='word_1_232' title='bbox 1850 1527 1921 1573; x_wconf 86' lang='lat' dir='ltr'>ed.</span> 
     </span>
     <span class='ocr_line' id='line_1_44' title="bbox 1176 1592 1924 1643; baseline 0.001 -13"><span class='ocrx_word' id='word_1_233' title='bbox 1176 1600 1243 1642; x_wconf 90' lang='lat' dir='ltr'>pr.</span> <span class='ocrx_word' id='word_1_234' title='bbox 1281 1612 1334 1618; x_wconf 88' lang='lat'>——</span> <span class='ocrx_word' id='word_1_235' title='bbox 1377 1592 1495 1632; x_wconf 85' lang='lat' dir='ltr'>tum</span> <span class='ocrx_word' id='word_1_236' title='bbox 1531 1601 1643 1632; x_wconf 90' lang='lat' dir='ltr'>corr.</span> <span class='ocrx_word' id='word_1_237' title='bbox 1679 1600 1763 1643; x_wconf 91' lang='lat' dir='ltr'>pro</span> <span class='ocrx_word' id='word_1_238' title='bbox 1799 1599 1924 1631; x_wconf 90' lang='lat' dir='ltr'>cum</span> 
     </span>
     <span class='ocr_line' id='line_1_45' title="bbox 1176 1648 1923 1692; baseline 0 -3"><span class='ocrx_word' id='word_1_239' title='bbox 1176 1658 1335 1690; x_wconf 82' lang='lat' dir='ltr'>mora</span> <span class='ocrx_word' id='word_1_240' title='bbox 1388 1648 1462 1692; x_wconf 89' lang='lat' dir='ltr'>vel</span> <span class='ocrx_word' id='word_1_241' title='bbox 1513 1660 1633 1691; x_wconf 89' lang='lat' dir='ltr'>cum</span> <span class='ocrx_word' id='word_1_242' title='bbox 1680 1659 1923 1691; x_wconf 87' lang='lat' dir='ltr'>moram.</span> 
     </span>
     <span class='ocr_line' id='line_1_46' title="bbox 1175 1705 1924 1759; baseline 0.001 -11"><span class='ocrx_word' id='word_1_243' title='bbox 1175 1705 1310 1750; x_wconf 76' lang='lat' dir='ltr'>Hum.</span> <span class='ocrx_word' id='word_1_244' title='bbox 1343 1706 1413 1750; x_wconf 90' lang='lat' dir='ltr'>ed.</span> <span class='ocrx_word' id='word_1_245' title='bbox 1460 1714 1536 1759; x_wconf 85' lang='lat' dir='ltr'>„et</span> <span class='ocrx_word' id='word_1_246' title='bbox 1579 1707 1625 1749; x_wconf 91' lang='lat' dir='ltr'>in</span> <span class='ocrx_word' id='word_1_247' title='bbox 1667 1719 1709 1749; x_wconf 88' lang='lat' dir='ltr'>v.</span> <span class='ocrx_word' id='word_1_248' title='bbox 1742 1719 1782 1750; x_wconf 87' lang='lat' dir='ltr'>v.</span> <span class='ocrx_word' id='word_1_249' title='bbox 1822 1719 1924 1749; x_wconf 91' lang='lat' dir='ltr'>cum</span> 
     </span>
     <span class='ocr_line' id='line_1_47' title="bbox 1175 1765 1923 1821; baseline -0.001 -13"><span class='ocrx_word' id='word_1_250' title='bbox 1175 1766 1314 1808; x_wconf 91' lang='lat' dir='ltr'>moris</span> <span class='ocrx_word' id='word_1_251' title='bbox 1356 1770 1444 1808; x_wconf 88' lang='lat' dir='ltr'>m.“</span> <span class='ocrx_word' id='word_1_252' title='bbox 1488 1790 1542 1796; x_wconf 92' lang='lat'><strong>—</strong></span> <span class='ocrx_word' id='word_1_253' title='bbox 1583 1778 1725 1809; x_wconf 80' lang='lat' dir='ltr'>vase</span> <span class='ocrx_word' id='word_1_254' title='bbox 1764 1765 1923 1821; x_wconf 89' lang='lat' dir='ltr'>vulgo.</span> 
     </span>
     <span class='ocr_line' id='line_1_48' title="bbox 1174 1824 1927 1879; baseline 0 -12"><span class='ocrx_word' id='word_1_255' title='bbox 1174 1836 1258 1869; x_wconf 90' lang='lat' dir='ltr'>suo</span> <span class='ocrx_word' id='word_1_256' title='bbox 1300 1824 1477 1869; x_wconf 90' lang='lat' dir='ltr'>iusculo</span> <span class='ocrx_word' id='word_1_257' title='bbox 1521 1838 1554 1868; x_wconf 91' lang='lat' dir='ltr'>s.</span> <span class='ocrx_word' id='word_1_258' title='bbox 1589 1837 1699 1868; x_wconf 91' lang='lat' dir='ltr'>suco</span> <span class='ocrx_word' id='word_1_259' title='bbox 1733 1824 1927 1879; x_wconf 85' lang='lat' dir='ltr'>impleta</span> 
     </span>
     <span class='ocr_line' id='line_1_49' title="bbox 1177 1883 1926 1937; baseline -0.001 -10"><span class='ocrx_word' id='word_1_260' title='bbox 1177 1883 1344 1937; x_wconf 87' lang='lat' dir='ltr'>perdiu</span> <span class='ocrx_word' id='word_1_261' title='bbox 1377 1884 1552 1927; x_wconf 84' lang='lat' dir='ltr'>servari</span> <span class='ocrx_word' id='word_1_262' title='bbox 1568 1888 1768 1927; x_wconf 80' lang='lat' dir='ltr'>testatur</span> <span class='ocrx_word' id='word_1_263' title='bbox 1785 1883 1926 1927; x_wconf 88' lang='lat' dir='ltr'>etiam</span> 
     </span>
     <span class='ocr_line' id='line_1_50' title="bbox 1175 1942 1925 1998; baseline 0.001 -14"><span class='ocrx_word' id='word_1_264' title='bbox 1175 1942 1391 1998; x_wconf 90' lang='lat' dir='ltr'>Berytius</span> <span class='ocrx_word' id='word_1_265' title='bbox 1426 1943 1631 1998; x_wconf 83' lang='lat' dir='ltr'>Geopon.</span> <span class='ocrx_word' id='word_1_266' title='bbox 1670 1942 1738 1992; x_wconf 89' lang='lat'>10,</span> <span class='ocrx_word' id='word_1_267' title='bbox 1763 1943 1830 1985; x_wconf 83' lang='grc'><strong>70.</strong></span> <span class='ocrx_word' id='word_1_268' title='bbox 1866 1943 1925 1985; x_wconf 86' lang='lat' dir='ltr'>si-</span> 
     </span>
     <span class='ocr_line' id='line_1_51' title="bbox 1175 2001 1925 2045; baseline 0.001 -2"><span class='ocrx_word' id='word_1_269' title='bbox 1175 2001 1345 2045; x_wconf 90' lang='lat' dir='ltr'>militer</span> <span class='ocrx_word' id='word_1_270' title='bbox 1371 2002 1416 2045; x_wconf 92' lang='lat' dir='ltr'>in</span> <span class='ocrx_word' id='word_1_271' title='bbox 1442 2002 1622 2045; x_wconf 86' lang='lat' dir='ltr'>Arabia</span> <span class='ocrx_word' id='word_1_272' title='bbox 1646 2001 1807 2044; x_wconf 85' lang='lat' dir='ltr'>dactili</span> <span class='ocrx_word' id='word_1_273' title='bbox 1841 2013 1925 2044; x_wconf 89' lang='lat' dir='ltr'>suo</span> 
     </span>
     <span class='ocr_line' id='line_1_52' title="bbox 1174 2060 1924 2116; baseline 0 -13"><span class='ocrx_word' id='word_1_274' title='bbox 1174 2060 1378 2115; x_wconf 89' lang='lat' dir='ltr'>ipsorum</span> <span class='ocrx_word' id='word_1_275' title='bbox 1402 2074 1512 2105; x_wconf 89' lang='lat' dir='ltr'>suco</span> <span class='ocrx_word' id='word_1_276' title='bbox 1557 2073 1777 2116; x_wconf 81' lang='lat' dir='ltr'>expresso</span> <span class='ocrx_word' id='word_1_277' title='bbox 1817 2073 1924 2103; x_wconf 91' lang='lat' dir='ltr'>con-</span> 
     </span>
     <span class='ocr_line' id='line_1_53' title="bbox 1175 2120 1359 2164; baseline 0 -2"><span class='ocrx_word' id='word_1_278' title='bbox 1175 2120 1359 2164; x_wconf 89' lang='lat' dir='ltr'>duntur.</span> 
     </span>
    </p>

    <p class='ocr_par' dir='ltr' id='par_1_15' title="bbox 1177 2177 1929 2878">
     <span class='ocr_line' id='line_1_54' title="bbox 1263 2177 1923 2232; baseline 0 -10"><span class='ocrx_word' id='word_1_279' title='bbox 1263 2179 1325 2222; x_wconf 83' lang='lat' dir='ltr'>ad</span> <span class='ocrx_word' id='word_1_280' title='bbox 1351 2179 1421 2222; x_wconf 88' lang='grc'>23.</span> <span class='ocrx_word' id='word_1_281' title='bbox 1455 2177 1668 2222; x_wconf 85' lang='lat' dir='ltr'>holera</span> <span class='ocrx_word' id='word_1_282' title='bbox 1699 2190 1783 2232; x_wconf 86' lang='lat' dir='ltr'>pro</span> <span class='ocrx_word' id='word_1_283' title='bbox 1809 2177 1923 2222; x_wconf 88' lang='lat' dir='ltr'>ole-</span> 
     </span>
     <span class='ocr_line' id='line_1_55' title="bbox 1177 2236 1925 2282; baseline -0.004 0"><span class='ocrx_word' id='word_1_284' title='bbox 1177 2250 1241 2281; x_wconf 84' lang='lat' dir='ltr'>ra</span> <span class='ocrx_word' id='word_1_285' title='bbox 1273 2251 1329 2282; x_wconf 86' lang='lat' dir='ltr'>ex</span> <span class='ocrx_word' id='word_1_286' title='bbox 1360 2238 1462 2281; x_wconf 86' lang='lat' dir='ltr'>aliis</span> <span class='ocrx_word' id='word_1_287' title='bbox 1480 2237 1606 2281; x_wconf 89' lang='lat' dir='ltr'>locis.</span> <span class='ocrx_word' id='word_1_288' title='bbox 1670 2236 1799 2281; x_wconf 89' lang='lat' dir='ltr'>Iahn.</span> <span class='ocrx_word' id='word_1_289' title='bbox 1818 2236 1925 2280; x_wconf 88' lang='lat' dir='ltr'>Var.</span> 
     </span>
     <span class='ocr_line' id='line_1_56' title="bbox 1178 2297 1927 2347; baseline -0.001 -7"><span class='ocrx_word' id='word_1_290' title='bbox 1178 2298 1304 2340; x_wconf 90' lang='lat' dir='ltr'>Lect.</span> <span class='ocrx_word' id='word_1_291' title='bbox 1338 2297 1400 2341; x_wconf 87' lang='lat' dir='ltr'>ad</span> <span class='ocrx_word' id='word_1_292' title='bbox 1421 2297 1546 2340; x_wconf 90' lang='lat' dir='ltr'>Pers.</span> <span class='ocrx_word' id='word_1_293' title='bbox 1572 2297 1612 2347; x_wconf 88' lang='lat'>6,</span> <span class='ocrx_word' id='word_1_294' title='bbox 1639 2297 1708 2339; x_wconf 80' lang='lat'>20.</span> <span class='ocrx_word' id='word_1_295' title='bbox 1731 2320 1783 2325; x_wconf 83' lang='lat'>-—</span> <span class='ocrx_word' id='word_1_296' title='bbox 1805 2307 1927 2339; x_wconf 85' lang='lat' dir='ltr'>vas-</span> 
     </span>
     <span class='ocr_line' id='line_1_57' title="bbox 1177 2356 1927 2411; baseline 0 -12"><span class='ocrx_word' id='word_1_297' title='bbox 1177 2356 1438 2411; x_wconf 90' lang='lat' dir='ltr'>picetum</span> <span class='ocrx_word' id='word_1_298' title='bbox 1484 2356 1648 2410; x_wconf 85' lang='lat' dir='ltr'>scripsi</span> <span class='ocrx_word' id='word_1_299' title='bbox 1694 2367 1778 2410; x_wconf 87' lang='lat' dir='ltr'>pro</span> <span class='ocrx_word' id='word_1_300' title='bbox 1823 2367 1927 2399; x_wconf 86' lang='lat' dir='ltr'>vas</span> 
     </span>
     <span class='ocr_line' id='line_1_58' title="bbox 1177 2413 1928 2470; baseline 0 -12"><span class='ocrx_word' id='word_1_301' title='bbox 1177 2415 1430 2470; x_wconf 89' lang='lat' dir='ltr'>picitum</span> <span class='ocrx_word' id='word_1_302' title='bbox 1454 2415 1529 2458; x_wconf 85' lang='lat' dir='ltr'>vel</span> <span class='ocrx_word' id='word_1_303' title='bbox 1563 2415 1826 2470; x_wconf 88' lang='lat' dir='ltr'>picatum</span> <span class='ocrx_word' id='word_1_304' title='bbox 1853 2413 1928 2458; x_wconf 77' lang='lat' dir='ltr'>ed.</span> 
     </span>
     <span class='ocr_line' id='line_1_59' title="bbox 1178 2472 1928 2530; baseline -0.001 -13"><span class='ocrx_word' id='word_1_305' title='bbox 1178 2487 1245 2530; x_wconf 88' lang='lat' dir='ltr'>pr.</span> <span class='ocrx_word' id='word_1_306' title='bbox 1288 2474 1343 2517; x_wconf 88' lang='lat' dir='ltr'>H.</span> <span class='ocrx_word' id='word_1_307' title='bbox 1388 2478 1439 2517; x_wconf 84' lang='lat' dir='ltr'>ut</span> <span class='ocrx_word' id='word_1_308' title='bbox 1477 2472 1631 2518; x_wconf 81' lang='lat' dir='ltr'>frutex</span> <span class='ocrx_word' id='word_1_309' title='bbox 1664 2473 1928 2516; x_wconf 87' lang='lat' dir='ltr'>fruticetum</span> 
     </span>
     <span class='ocr_line' id='line_1_60' title="bbox 1180 2531 1927 2588; baseline -0.004 -11"><span class='ocrx_word' id='word_1_310' title='bbox 1180 2538 1227 2577; x_wconf 89' lang='lat' dir='ltr'>et</span> <span class='ocrx_word' id='word_1_311' title='bbox 1244 2531 1491 2576; x_wconf 86' lang='lat' dir='ltr'>frutectum</span> <span class='ocrx_word' id='word_1_312' title='bbox 1517 2545 1589 2588; x_wconf 86' lang='lat' dir='ltr'>ap.</span> <span class='ocrx_word' id='word_1_313' title='bbox 1619 2533 1744 2576; x_wconf 87' lang='lat' dir='ltr'>Fest.</span> <span class='ocrx_word' id='word_1_314' title='bbox 1762 2545 1805 2587; x_wconf 90' lang='lat' dir='ltr'>p.</span> <span class='ocrx_word' id='word_1_315' title='bbox 1825 2532 1927 2582; x_wconf 85' lang='lat'>369,</span> 
     </span>
     <span class='ocr_line' id='line_1_61' title="bbox 1179 2590 1927 2636; baseline -0.005 0"><span class='ocrx_word' id='word_1_316' title='bbox 1179 2594 1220 2636; x_wconf 86' lang='lat'>3.</span> <span class='ocrx_word' id='word_1_317' title='bbox 1266 2592 1384 2636; x_wconf 85' lang='lat' dir='ltr'>salix</span> <span class='ocrx_word' id='word_1_318' title='bbox 1415 2592 1679 2635; x_wconf 87' lang='lat' dir='ltr'>salictetum</span> <span class='ocrx_word' id='word_1_319' title='bbox 1712 2595 1759 2634; x_wconf 90' lang='lat' dir='ltr'>et</span> <span class='ocrx_word' id='word_1_320' title='bbox 1790 2590 1927 2633; x_wconf 87' lang='lat' dir='ltr'>salic-</span> 
     </span>
     <span class='ocr_line' id='line_1_62' title="bbox 1181 2649 1928 2705; baseline -0.003 -10"><span class='ocrx_word' id='word_1_321' title='bbox 1181 2656 1276 2695; x_wconf 87' lang='lat' dir='ltr'>tum</span> <span class='ocrx_word' id='word_1_322' title='bbox 1310 2650 1436 2702; x_wconf 84' lang='lat' dir='ltr'>facit,</span> <span class='ocrx_word' id='word_1_323' title='bbox 1456 2650 1522 2694; x_wconf 88' lang='lat' dir='ltr'>sic</span> <span class='ocrx_word' id='word_1_324' title='bbox 1546 2650 1709 2705; x_wconf 85' lang='lat' dir='ltr'>vaspix</span> <span class='ocrx_word' id='word_1_325' title='bbox 1731 2649 1795 2692; x_wconf 82' lang='grc'><strong>17.</strong></span> <span class='ocrx_word' id='word_1_326' title='bbox 1826 2661 1928 2693; x_wconf 86' lang='lat' dir='ltr'>vas·</span> 
     </span>
     <span class='ocr_line' id='line_1_63' title="bbox 1179 2708 1929 2766; baseline -0.005 -12"><span class='ocrx_word' id='word_1_327' title='bbox 1179 2711 1383 2766; x_wconf 88' lang='lat' dir='ltr'>picetum</span> <span class='ocrx_word' id='word_1_328' title='bbox 1412 2710 1601 2765; x_wconf 91' lang='lat' dir='ltr'>eiusque</span> <span class='ocrx_word' id='word_1_329' title='bbox 1627 2708 1803 2752; x_wconf 80' lang='lat' dir='ltr'>farinae</span> <span class='ocrx_word' id='word_1_330' title='bbox 1821 2711 1929 2752; x_wconf 88' lang='lat' dir='ltr'>sunt</span> 
     </span>
     <span class='ocr_line' id='line_1_64' title="bbox 1182 2767 1929 2823; baseline -0.004 -10"><span class='ocrx_word' id='word_1_331' title='bbox 1182 2770 1433 2819; x_wconf 87' lang='lat' dir='ltr'>dumetum,</span> <span class='ocrx_word' id='word_1_332' title='bbox 1475 2768 1701 2812; x_wconf 89' lang='lat' dir='ltr'>virectum</span> <span class='ocrx_word' id='word_1_333' title='bbox 1742 2779 1815 2823; x_wconf 84' lang='lat' dir='ltr'>ap.</span> <span class='ocrx_word' id='word_1_334' title='bbox 1848 2767 1929 2810; x_wconf 71' lang='lat' dir='ltr'>lsis</span> 
     </span>
     <span class='ocr_line' id='line_1_65' title="bbox 1183 2827 1534 2878; baseline -0.009 -5"><span class='ocrx_word' id='word_1_335' title='bbox 1183 2828 1282 2873; x_wconf 88' lang='lat' dir='ltr'>dor.</span> <span class='ocrx_word' id='word_1_336' title='bbox 1319 2828 1386 2877; x_wconf 81' lang='lat'>17,</span> <span class='ocrx_word' id='word_1_337' title='bbox 1419 2827 1460 2878; x_wconf 89' lang='lat'>6,</span> <span class='ocrx_word' id='word_1_338' title='bbox 1493 2829 1534 2871; x_wconf 80' lang='lat'>2.</span> 
     </span>
    </p>

    <p class='ocr_par' dir='ltr' id='par_1_16' title="bbox 1176 2885 1929 3004">
     <span class='ocr_line' id='line_1_66' title="bbox 1270 2885 1929 2932; baseline 0.002 -1"><span class='ocrx_word' id='word_1_339' title='bbox 1270 2886 1332 2931; x_wconf 85' lang='lat' dir='ltr'>ad</span> <span class='ocrx_word' id='word_1_340' title='bbox 1363 2886 1434 2931; x_wconf 87' lang='grc'>24.</span> <span class='ocrx_word' id='word_1_341' title='bbox 1459 2889 1647 2930; x_wconf 87' lang='lat' dir='ltr'>-antea</span> <span class='ocrx_word' id='word_1_342' title='bbox 1678 2898 1788 2929; x_wconf 89' lang='lat' dir='ltr'>cur.</span> <span class='ocrx_word' id='word_1_343' title='bbox 1823 2897 1881 2929; x_wconf 86' lang='lat' dir='ltr'>ex</span> <span class='ocrx_word' id='word_1_344' title='bbox 1908 2885 1929 2932; x_wconf 78' lang='grc' dir='ltr'><em>ζ</em></span> 
     </span>
     <span class='ocr_line' id='line_1_67' title="bbox 1176 2948 1928 3004; baseline 0.003 -15"><span class='ocrx_word' id='word_1_345' title='bbox 1176 2959 1260 3004; x_wconf 85' lang='lat' dir='ltr'>pro</span> <span class='ocrx_word' id='word_1_346' title='bbox 1285 2950 1423 2990; x_wconf 84' lang='lat' dir='ltr'>ante</span> <span class='ocrx_word' id='word_1_347' title='bbox 1445 2958 1558 2990; x_wconf 83' lang='lat' dir='ltr'>acc.</span> <span class='ocrx_word' id='word_1_348' title='bbox 1594 2948 1812 2999; x_wconf 86' lang='lat' dir='ltr'>„curare“</span> <span class='ocrx_word' id='word_1_349' title='bbox 1837 2956 1928 2991; x_wconf 77' lang='lat' dir='ltr'>me·</span> 
     </span>
    </p>
   </div>
  </div>
 </body>
</html>
