2098 3470
682 307 781 351 Lib.
801 306 901 351 VII.
965 306 1200 352 Politeles.
1621 304 1721 357 137

145 444 463 533 dimentumz
495 445 616 509 mel,
670 443 955 510 liquamen,
1010 442 1239 493 amolum
1291 455 1409 492 cum
1459 438 1564 490 iam
1615 438 1724 490 bul-

138 520 285 573 liunt.
332 525 384 573 et
423 520 536 573 sine
575 519 860 586 liquamine
904 522 956 570 et
995 517 1115 570 oleo
1146 516 1407 568 elixantur
1432 516 1728 579 coquuntur

139 598 192 647 et
229 594 306 646 sic
347 594 535 662 pipere
574 593 975 664 perfunduntur
1030 591 1113 642 ius
1154 604 1316 659 supra
1366 587 1621 655 scriptum
1676 589 1729 640 et

138 667 214 720 sic
253 668 491 720 bulliunt.

249 742 371 794 268.
413 741 584 794 Aliter
625 739 848 793 ofellae:
908 742 1054 791 recte
1095 737 1362 803 finguntur
1400 738 1456 786 ut
1494 751 1724 804 pemma,

141 816 453 867 surclantur
494 813 793 882 liquaminis
834 813 1021 866 summi
1053 812 1262 876 ciatum‚
1306 825 1479 875 aquae
1515 809 1726 893 ciatum,

138 889 279 941 aceti
319 889 513 942 ciatum
555 892 607 941 et
646 887 748 940 olei
790 888 998 941 ciatum.
1042 885 1196 938 simul
1234 882 1412 935 mixtis
1460 887 1513 935 et
1549 881 1727 934 inmis-

136 962 208 1014 sis
247 962 300 1014 in
341 962 596 1030 patellam
634 961 848 1014 fictilem
887 960 1039 1026 frigis
1081 964 1132 1012 et
1170 958 1381 1011 inferes

249 1037 370 1089 269.
451 1036 618 1088 Aliter
677 1035 896 1088 ofellas:
966 1034 1019 1086 in
1091 1031 1365 1099 sartagine
1438 1027 1730 1082 abundanti

136 1126 423 1176 oenogaro
466 1110 622 1178 piper
661 1108 907 1179 aspargis
936 1112 987 1161 et
1013 1107 1229 1161 inferes,
1308 1105 1477 1157 Aliter
1507 1102 1727 1156 ofellas:

137 1182 331 1237 ofellae
389 1184 535 1250 prius
595 1183 709 1236 sale
769 1187 821 1236 et
875 1181 1082 1237 comino
1135 1180 1343 1234 infusae
1394 1178 1450 1231 in
1501 1193 1729 1246 aequam

135 1262 281 1310 recte
320 1257 596 1325 friguntur.

134 1403 232 1447 tavi
256 1407 306 1447 ut
327 1404 632 1459 responderet
659 1403 885 1447 similibus
976 1403 1013 1446 6.
1051 1403 1125 1446 vel
1157 1403 1359 1447 Macrob.
1395 1405 1484 1445 sat.
1529 1401 1571 1452 2,
1613 1399 1656 1451 8,
1686 1401 1731 1447 3.

134 1467 185 1507 ut
196 1475 331 1519 capra
337 1464 498 1519 gineus
509 1477 536 1506 a
554 1475 694 1518 capro
709 1476 779 1517 ap.
794 1462 885 1506 Ma-

135 1523 259 1567 crob.
293 1527 381 1568 sat.
415 1524 456 1573 3,
493 1523 562 1573 13,
609 1523 676 1564 12.
712 1522 885 1577 oleagi—

133 1595 245 1625 neus
283 1581 533 1635 vitigineus
577 1594 632 1625 ex
663 1581 759 1624 vite
792 1580 885 1623 fac-

133 1645 222 1684 tus.
258 1641 316 1685 de
348 1653 461 1694 apro
496 1640 755 1684 condiendo
799 1639 887 1683 330

134 1713 260 1755 seqq.
296 1698 524 1744 ofellae
548 1711 886 1754 aprugneae

132 1759 264 1802 Hum.
287 1785 340 1789 ——
374 1758 508 1802 oleo
541 1758 620 1814 liq.
646 1756 884 1812 ἒλαιογάρῳ.

135 1844 188 1850 -
240 1817 685 1862 condimentum
729 1817 886 1861 condi-

133 1881 253 1927 tura,
286 1877 368 1921 sed
407 1882 575 1932 postea
617 1880 688 1921 est
730 1880 885 1931 petro-

134 1936 328 1980 silenum
376 1936 447 1979 56.
497 1961 549 1967 —--
605 1935 773 1990 piper
834 1960 883 1964 -—

134 1995 400 2038 bulliunt
433 1995 600 2039 desunt
638 1995 683 2037 in
717 2007 797 2038 sex
838 1997 886 2037 et

135 2054 207 2098 ed.
249 2054 434 2098 mediol.
487 2079 539 2085 -—
583 2053 885 2098 elixantur

136 2126 255 2168 coq.
290 2113 389 2155 221.

224 2171 284 2214 ad
318 2171 416 2214 268.
475 2170 696 2214 audacior
737 2170 803 2214 fui
842 2171 889 2213 in

138 2229 414 2286 corrigendo
468 2230 679 2273 codicum
723 2243 782 2273 re
798 2233 888 2273 cte

137 2289 452 2344 friguntur
483 2293 544 2332 ut
576 2301 723 2343 pene
756 2301 886 2332 asso

136 2347 447 2398 rodantur,
494 2347 616 2391 unde
672 2347 726 2391 Η.
776 2346 888 2391 fecit

137 2420 170 2449 r.
230 2405 304 2449 fr.
354 2410 416 2449 ut
472 2419 658 2462 paene
715 2418 886 2450 assae

138 2479 159 2507 r
174 2477 198 2508 e
213 2464 243 2508 (1
256 2465 286 2507 (1
299 2477 327 2507 a
340 2478 369 2507 11
383 2468 443 2508 tu
455 2479 491 2514 r,
523 2468 649 2508 recte
677 2464 891 2513 fortasse,

138 2524 177 2566 si
239 2527 399 2566 teneas
454 2523 770 2566 rodantur.
833 2522 889 2566 cf.

138 2581 293 2625 Rostii
325 2582 433 2625 Lex.
468 2582 513 2625 in
545 2580 705 2637 τρώγω.
740 2595 891 2625 meum

137 2639 465 2696 finguntur
506 2641 567 2684 sit
609 2641 655 2683 in
701 2640 890 2685 obillam

142 2699 445 2755 designantur
463 2713 519 2743 ex
539 2699 636 2742 265.
667 2699 713 2742 in
735 2704 892 2742 rotun-

138 2758 245 2801 dum
294 2758 629 2813 complicantur
687 2771 744 2802 ex
790 2759 888 2801 266.

136 2829 356 2871 pemma
388 2819 535 2869 πέμμα
558 2830 659 2861 esse
686 2815 892 2872 τράγημα,

135 2875 391 2925 hellarium,
432 2875 565 2919 dulce
597 2876 696 2920 300.
730 2880 892 2919 notum

138 2947 194 2978 ex
226 2934 433 2980 Varrone
460 2946 532 2991 ap.
567 2934 683 2980 Gell.
723 2936 799 2987 13,
822 2937 892 2986 11,

979 1475 1038 1507 ex
1069 1462 1221 1506 Nonio
1266 1475 1309 1517 p.
1355 1462 1426 1505 90.
1469 1460 1620 1505 lexico
1663 1473 1732 1514 gr.

978 1546 1030 1551 —
1073 1522 1164 1564 iam
1198 1522 1296 1564 183.
1341 1521 1440 1564 261.
1485 1520 1585 1563 265.
1629 1518 1730 1562 266.

976 1580 1174 1624 vidimus
1206 1579 1325 1624 male
1353 1580 1529 1635 pictum
1561 1583 1609 1622 et
1630 1591 1733 1633 per-

976 1652 1135 1694 peram
1182 1639 1353 1682 lectum
1405 1639 1436 1682 d
1477 1638 1526 1682 id
1576 1642 1647 1682 est
1690 1636 1732 1680 cl

979 1699 1129 1742 malae
1161 1699 1417 1753 scripturae
1450 1697 1614 1742 surdas
1645 1709 1731 1751 pro

977 1758 1152 1801 surclas
1186 1770 1372 1801 causam
1390 1770 1502 1801 esse.
1529 1757 1596 1800 sic
1620 1760 1733 1799 nata

977 1821 1084 1860 sunt
1126 1817 1225 1860 297.
1271 1817 1316 1859 in
1358 1819 1414 1856 θκ
1460 1815 1728 1869 „haeolina“

976 1889 1060 1930 pro
1126 1875 1395 1927 „haedina“,
1457 1875 1625 1919 nucida
1682 1876 1733 1917 at

979 1935 1162 1979 nucicla
1193 1948 1265 1989 ap.
1285 1934 1446 1979 Isidor.
1485 1935 1554 1985 17,
1589 1934 1629 1984 7,
1661 1934 1719 1977 23

979 1994 1104 2037 liclia
1137 1999 1184 2037 et
1216 1994 1331 2036 lidia
1361 1994 1390 2037 i.
1425 2007 1462 2037 e.
1496 1993 1627 2050 lydia
1661 1993 1731 2044 17,

977 2054 1019 2104 9,
1056 2053 1124 2095 18.
1154 2052 1260 2097 hinc
1287 2052 1396 2097 feda
1413 2065 1485 2106 ap.
1505 2052 1731 2106 Pelagon.

982 2113 1034 2154 11
1069 2107 1144 2155 fin.
1181 2116 1253 2156 est
1285 2111 1406 2156 secla
1443 2112 1472 2155 i.
1507 2125 1545 2155 e.
1579 2109 1733 2155 fecula

979 2172 1050 2213 48.
1097 2176 1144 2214 et
1184 2185 1269 2226 pro
1307 2170 1625 2214 subduxerant
1656 2183 1729 2225 ap.

979 2230 1093 2274 Non.
1128 2244 1173 2284 p.
1205 2244 1262 2273 m.
1297 2231 1368 2280 32,
1401 2242 1441 2272 a.
1477 2229 1624 2273 codex
1651 2241 1732 2284 pa-

979 2289 1058 2332 lat.
1094 2288 1238 2333 habet
1275 2288 1640 2332 subclauserant.
1676 2313 1729 2319 -

979 2348 1159 2391 mixti
1191 2346 1345 2402 βγὸθκ,
1367 2347 1439 2391 ed.
1458 2347 1576 2391 med.
1606 2347 1731 2390 mis-

979 2407 1090 2454 sit.
1125 2407 1327 2450 mixtis
1360 2406 1432 2450 ed.
1463 2419 1530 2461 pr.
1565 2405 1623 2452 Η

1071 2465 1132 2508 ad
1165 2466 1263 2509 269.
1315 2477 1620 2520 oenogaro
1654 2463 1731 2507 fri-

982 2537 1065 2579 ges
1099 2525 1199 2567 270.
1236 2549 1278 2554 —
1324 2523 1558 2568 comino
1593 2524 1732 2566 comi-

982 2596 1069 2626 neo
1114 2583 1219 2626 oleo
1263 2596 1376 2627 corr.
1420 2596 1505 2638 pro
1556 2582 1731 2625 cumi-

982 2655 1053 2685 no
1089 2642 1158 2685 60.
1194 2642 1294 2685 255.
1328 2642 1428 2686 270.
1468 2645 1515 2685 et
1546 2641 1603 2683 in
1635 2653 1731 2684 ae-

984 2712 1144 2755 quam
1186 2714 1271 2755 pro
1314 2700 1369 2742 in
1417 2711 1624 2755 aquam
1678 2703 1731 2743 ut

983 2759 1044 2802 sit
1085 2758 1183 2802 sale
1227 2771 1318 2814 qua
1360 2762 1407 2802 et
1444 2758 1624 2802 comino
1658 2758 1727 2801 64.

983 2830 1133 2873 aequa
1174 2817 1321 2869 lance,
1362 2818 1470 2873 pari⁴
1516 2829 1730 2861 mensura.

983 2876 1099 2919 Plin.
1134 2877 1206 2927 23,
1237 2876 1308 2920 83.
1350 2876 1512 2931 aequis
1553 2876 1729 2930 portio-

983 2936 1117 2980 nibus
1145 2936 1217 2988 28,
1236 2936 1334 2979 173.
1371 2934 1427 2980 cf.
1446 2936 1518 2980 90.
1537 2934 1597 2979 ad
1616 2934 1729 2980 Gar·
