2098 3470
399 339 469 393 26
1069 339 1320 390 Praefatio.

400 479 490 528 aut
543 472 642 528 hoc
696 491 814 530 esse
868 475 1097 544 denique
1147 481 1328 548 putem
1380 475 1522 544 quod
1568 476 1696 530 Tuis
1736 493 1865 545 erga
1903 494 1988 531 me

398 564 603 618 meritis·
637 563 910 631 debeatur,
962 583 1140 619 verum
1182 583 1299 619 cum
1338 566 1552 636 prodire
1592 566 1764 619 nollet
1799 566 1855 618 in
1897 583 1986 636 pu-

399 653 594 707 blicum
621 653 767 708 liber
806 654 918 708 sine
970 655 1282 724 patrocium,
1337 655 1508 707 Tuum
1558 654 1848 725 praecipue
1889 655 1987 709 sibi

397 759 553 796 nome
574 742 893 810 ninscripsit‚
937 760 1003 796 ex
1033 760 1134 811 quo
1161 744 1319 796 tutior
1345 742 1482 796 foret
1510 749 1668 810 atque
1697 742 1984 798 honestior.

399 847 561 899 quare
601 831 814 899 suscipe
855 848 1054 900 quaeso
1097 831 1351 899 quidquid
1406 832 1507 885 hoc
1549 838 1629 885 est
1666 831 1771 885 mei
1812 831 1988 885 foetus

399 936 504 988 qua
553 937 638 973 me
689 937 896 987 quoque
948 921 1121 991 ipsum
1176 921 1317 973 soles
1363 920 1689 974 humanitate
1744 936 1989 990 quaeque

398 1013 545 1062 tanta
587 1013 666 1062 est
704 1013 760 1061 ut
798 1009 877 1062 Te
916 1009 1040 1063 boni
1081 1010 1436 1062 consulturum
1477 1008 1732 1078 quidquid
1767 1026 1801 1062 a
1834 1008 1988 1063 nobis

398 1098 763 1171 proficiscatur
786 1097 1095 1151 existimem.
1133 1098 1378 1168 Apicium
1400 1098 1539 1151 hunc
1561 1102 1795 1150 nostrum
1818 1097 1988 1151 donec

400 1186 600 1238 maiora
653 1186 774 1240 Tibi
825 1204 888 1240 ac
939 1186 1163 1239 fortasse
1213 1187 1433 1240 meliora
1470 1187 1788 1257 parturimus
1828 1185 1989 1239 veluti

400 1275 736 1345 praeludium
776 1275 992 1342 aliquod
1036 1276 1148 1329 veri
1186 1275 1413 1342 iustique
1452 1275 1666 1341 laborm,
1708 1292 1810 1342 quo
1839 1275 1990 1328 citius

405 1363 591 1416 rudem
633 1364 911 1434 accipiam,
952 1365 1094 1417 laeta
1132 1380 1383 1431 rogamus
1421 1364 1596 1418 fronte
1637 1364 1888 1436 excipias·

478 1453 692 1505 Dabam
734 1470 801 1506 ex
839 1454 1076 1506 museolo
1117 1458 1297 1506 nostro
1338 1453 1480 1523 quod
1521 1458 1601 1507 est

547 1526 619 1580 ad
658 1526 832 1580 fontes
873 1526 1171 1580 danubinos
1211 1526 1345 1582 Idib.
1387 1535 1518 1587 Dec.

827 1600 1206 1655 MDCCCLVI.

887 2137 1209 2191 CODICUM
1246 2137 1506 2191 NOTAE.

484 2291 514 2338 ,8
545 2286 705 2331 Codex
735 2286 988 2330 Vaticanus
1025 2285 1137 2329 1146
1171 2285 1275 2329 circ.
1307 2284 1351 2328 X
1383 2297 1471 2329 sec.

486 2363 512 2401 γ
543 2346 703 2390 Codex
733 2345 986 2389 Vaticanus
1021 2345 1135 2388 1145
1167 2357 1256 2388 sec.
1290 2343 1414 2387 XIV.

379 2428 389 2437 .
484 2422 517 2446 π
550 2405 709 2450 Codex
741 2405 977 2448 Parisinus
1010 2404 1140 2447 6167.

487 2462 514 2503 ὃ
547 2464 708 2509 Codex
737 2463 1030 2508 Florentinus
1062 2464 1278 2506 Laurent.
1312 2461 1415 2506 cod.
1449 2462 1507 2505 20
1537 2461 1653 2516 plut.
1689 2462 1757 2504 73.

485 2524 506 2571 ζ
621 2557 641 2576 ,,
858 2556 877 2575 ,,
1061 2522 1119 2565 26
1148 2521 1361 2565 Riccard.
1399 2520 1525 2564 1464.

485 2586 519 2622 θ
621 2616 641 2636 „
858 2614 878 2634 „
1061 2581 1117 2623 ‘29
1242 2613 1262 2633 „

484 2658 508 2680 κ
622 2675 642 2694 ,,
859 2673 878 2693 ,,
1066 2640 1120 2682 67
1148 2640 1368 2683 Laurent.

485 2701 599 2746 Cod.
633 2699 826 2749 Salmas,
860 2698 1019 2750 Codex
1051 2698 1365 2742 Salmasianus
1399 2696 1507 2750 (vid.
1542 2694 1685 2751 praef.
1722 2709 1765 2751 p.
1801 2696 1887 2748 21).

482 2760 569 2803 Ed.
602 2773 686 2815 pr..
718 2758 877 2802 Editio
911 2758 1124 2813 princeps
1156 2757 1336 2800 Veneta
1369 2755 1478 2810 (vid.
1511 2753 1655 2809 praef.
1689 2768 1734 2809 p.
1772 2756 1857 2807 13).

482 2819 539 2862 H.
573 2832 607 2862 s.
640 2818 791 2868 Huni..
825 2816 1126 2871 Humelbergi
1157 2816 1314 2859 Editio
1349 2814 1459 2869 (vid.
1492 2812 1636 2869 praef.
1670 2826 1714 2869 p.
1750 2813 1837 2866 14).

483 2878 592 2925 Tor.
624 2876 726 2928 Ed..
758 2876 918 2920 Torini
949 2875 1093 2920 editio
1128 2875 1239 2930 (vid.
1272 2871 1417 2929 praef.
1450 2886 1496 2928 p.
1531 2872 1619 2926 14).
