2098 3470
415 334 515 390 118
949 333 1048 380 Lib.
1083 334 1159 381 VI.
1209 334 1447 394 Tropetcs.

522 469 645 521 217.
706 468 935 522 Aliter
973 470 1039 522 in
1091 485 1323 537 gruem
1351 470 1461 523 vel
1501 470 1554 522 in
1594 476 1863 525 anatem
1905 472 1990 525 in-

408 544 691 597 elixam:
748 542 919 613 piper,
986 543 1285 610 ligisticum,
1342 543 1603 611 ciminum,
1660 545 1991 598 coriandrum

407 618 624 684 siccum,
679 622 927 684 mentam,
984 618 1276 684 origanum,
1321 619 1556 684 nucleos,
1613 620 1882 687 cariotam,
1935 620 1991 673 li-

408 709 654 760 quamen,
697 692 888 757 oleum,
929 692 1049 758 mel,
1091 708 1292 759 senape
1334 697 1385 745 61
1422 688 1617 744 vinum.

517 767 639 820 218,
699 766 914 818 Aliter
954 782 1189 832 gruem
1216 766 1327 819 vcl
1355 771 1659 819 anatem:
1703 783 1867 819 assas,
1901 784 1992 820 eas

407 840 475 894 de
515 840 617 894 hoc
656 839 770 892 iure
808 838 1118 907 perfundis:
1162 844 1304 892 teres
1343 840 1514 908 piper,
1556 841 1856 908 ligisticum,
1895 841 1992 894 ori-

406 931 620 982 ganum,
663 914 948 980 liquamen,
991 914 1110 978 mel,
1155 914 1290 966 aceti
1331 914 1598 967 modicum
1639 920 1691 968 61
1730 916 1847 968 olei.
1891 915 1992 969 fer-

402 994 527 1042 veat
564 991 717 1042 bene.
760 987 919 1040 mittis
959 989 1189 1039 amolum
1232 992 1284 1040 61
1322 1005 1484 1056 supra
1521 989 1603 1041 ius
1653 990 1852 1042 rotulas
1907 1006 1992 1043 cu-

405 1063 642 1116 curbitae
683 1061 856 1115 elixae
897 1062 983 1114 vel
1025 1062 1326 1115 colocasiae
1368 1067 1419 1115 61
1458 1063 1654 1116 bulliat.
1698 1064 1741 1116 si
1770 1068 1905 1130 sunt,
1944 1068 1996 1116 et

403 1138 649 1205 ungellas
691 1152 887 1203 coques
942 1139 993 1187 61
1046 1135 1282 1188 iocinera
1333 1137 1610 1204 pullorum.
1665 1137 1719 1190 in
1772 1137 1993 1191 boletari

401 1213 557 1280 piper
595 1211 847 1263 minutum
890 1209 1136 1277 aspargis
1180 1214 1231 1262 61
1268 1209 1480 1263 inferes.

515 1287 638 1338 219.
699 1284 928 1337 Aliter
966 1284 1032 1335 in
1061 1300 1228 1350 grue
1268 1285 1379 1337 vel
1420 1289 1624 1338 anate
1667 1284 1878 1339 elixa:
1915 1286 1991 1354 pi-

402 1377 515 1428 per,
558 1360 859 1427 ligisticum,
903 1357 992 1426 api
1034 1375 1233 1423 semen,
1278 1375 1491 1412 crucam
1514 1360 1600 1411 vel
1642 1360 1991 1426 coriandrum,

402 1442 653 1500 mentam,
698 1433 968 1498 cariotam,
1010 1433 1131 1497 mel,
1184 1437 1411 1499 acetum,
1466 1433 1749 1500 liquamen,
1805 1433 1993 1487 defric-

402 1513 511 1561 tum
554 1514 604 1561 et
644 1524 863 1575 senape.
906 1506 1050 1559 idem
1091 1505 1261 1559 facies
1303 1511 1355 1559 61
1394 1506 1438 1558 si
1477 1507 1531 1559 in
1566 1510 1797 1561 caccabo
1824 1525 1991 1562 assas

516 1583 639 1634 220.
684 1583 760 1634 In
802 1580 1089 1652 perdice
1132 1586 1196 1633 et
1235 1585 1581 1647 attagena
1624 1587 1687 1634 et
1737 1582 1803 1634 in
1856 1588 1992 1634 tur-

400 1661 551 1711 ture
595 1656 832 1710 elixis:
874 1656 1044 1727 piper,
1099 1654 1402 1722 ligisticum,
1456 1655 1544 1724 api
1597 1673 1797 1723 semen,
1851 1674 1993 1709 men-

1365 1832 1426 1876 ad
1476 1835 1574 1878 218.
1639 1835 1839 1879 mittis
1887 1847 1989 1878 am.

1245 1893 1399 1936 amulo
1434 1893 1627 1950 obligas.
1663 1921 1712 1924 —--
1751 1895 1992 1939 coloca-

402 1836 714 1886 exbromatur‚
755 1835 1028 1887 exsiccatur,
1073 1836 1152 1879 mi-

401 1896 601 1940 nutatim
638 1896 897 1939 conciditur
930 1901 976 1939 et
1010 1896 1068 1939 ad
1086 1897 1152 1951 ig-

398 1970 503 2000 ncm
546 1955 735 2010 ponitur
776 1965 823 1999 et
866 1956 1019 1998 media
1052 1969 1153 1999 666-

400 2020 506 2059 tura
549 2013 745 2058 defricto
791 2014 1037 2058 coloratur.
1083 2016 1152 2059 ius

401 2074 651 2130 separatim
699 2080 1026 2129 praeparatum
1080 2088 1154 2118 su-

399 2147 483 2190 per
515 2138 699 2177 anatem
733 2132 941 2177 funditur
973 2140 1020 2178 et
1053 2148 1153 2178 cum

401 2205 516 2236 anas
590 2205 691 2235 cum
759 2193 855 2237 iure
919 2192 1153 2244 fervuerst,

403 2252 559 2296 amulo
594 2252 833 2307 obligatur
866 2258 913 2296 et
946 2266 1057 2308 rapa
1077 2254 1154 2296 de-

401 2313 540 2367 nique
572 2311 755 2354 interim
791 2317 925 2355 cocta
968 2313 1012 2355 in
1047 2325 1153 2356 cun—

401 2372 506 2415 dem
541 2370 787 2414 caccabum
812 2371 1023 2414 adicitur.
1061 2384 1151 2426 quo

401 2429 528 2474 facto
572 2430 704 2484 piper
748 2430 1056 2486 adspergitur.
1108 2456 1149 2460 *-

402 2490 430 2533 d
446 2503 469 2534 e
485 2503 506 2533 s
518 2503 546 2533 u
559 2502 588 2544 p
603 2502 626 2532 6
640 2503 661 2532 1·
709 2489 909 2544 insuper,
972 2490 1151 2534 iterum.

401 2548 522 2593 forte
567 2548 858 2591 scribendum
903 2549 971 2592 dc
1019 2562 1152 2604 sup-

400 2621 544 2663 pare
591 2607 779 2662 pariter‚
828 2607 1050 2651 similiter.
1099 2633 1150 2637 -—-

399 2681 502 2722 sup
518 2681 541 2711 e
554 2680 576 2709 r
606 2671 850 2721 praetcrea
870 2667 943 2711 vel
968 2668 1154 2722 insuper

403 2726 523 2771 oben
558 2723 708 2768 draus.

490 2785 551 2828 ad
583 2785 683 2828 217.
748 2784 1052 2836 inelixam,
1100 2788 1152 2828 111

399 2845 579 2888 inassus
638 2844 735 2887 223.
798 2844 1029 2887 inassatus
1077 2856 1149 2898 ap.

400 2903 600 2947 Marcell.
641 2903 774 2957 Emp.
820 2904 891 2947 22.
936 2904 996 2947 in.
1039 2915 1151 2959 pau-

399 2963 492 3008 lum
528 2962 694 3007 elixam
727 2961 827 3007 385.

1244 1950 1376 1996 siac
1421 1959 1480 1996 ut
1523 1954 1594 1997 ed.
1636 1968 1701 2009 pr.
1737 1955 1791 1997 H.
1838 1954 1994 1998 colo-

1246 2023 1344 2054 cas
1385 2017 1446 2055 ut
1486 2018 1563 2064 βπ.
1614 2014 1885 2058 collocas
1934 2018 1994 2057 ut

1246 2069 1326 2113 rel.
1361 2072 1513 2125 pullus
1547 2073 1694 2117 elixus
1735 2087 1834 2118 cum
1870 2073 1993 2116 colo—

1247 2129 1382 2173 casiis
1417 2131 1515 2174 247.
1562 2132 1733 2176 bubula
1772 2147 1872 2176 curn
1906 2132 1990 2176 col.

1244 2188 1344 2232 356.
1395 2191 1547 2245 pullus
1596 2205 1695 2235 cum
1745 2192 1993 2236 cucurbitis

1245 2246 1343 2290 246.
1376 2275 1428 2281 -
1464 2255 1525 2293 111
1557 2250 1824 2294 bulliant
1856 2251 1990 2295 codd.

1245 2331 1300 2337 -
1334 2310 1616 2365 ungellae
1651 2310 1784 2353 codd.
1820 2312 1918 2354 372.
1955 2310 1993 2353 si

1245 2364 1395 2418 fuerit,
1444 2369 1659 2412 ancellas.
1711 2395 1764 2400 —
1825 2370 1993 2414 bole-

1245 2426 1363 2469 tari
1395 2428 1439 2470 in
1474 2442 1563 2471 uno
1598 2433 1628 2479 β
1659 2442 1742 2483 pro
1776 2429 1886 2473 vol.

1333 2486 1393 2528 ad
1426 2488 1524 2530 219.
1589 2493 1644 2531 et
1687 2488 1989 2532 coriandri

1243 2546 1285 2593 β.
1331 2570 1373 2573 —
1410 2545 1600 2590 facies
1634 2560 1689 2590 ex
1714 2548 2003 2591 8234253..

1243 2602 1343 2645 332.
1380 2618 1463 2659 pro
1497 2605 1699 2650 faciet.

1333 2664 1393 2707 ad
1427 2665 1526 2708 220.
1575 2665 1781 2708 exelix.
1816 2665 1862 2707 in
1894 2664 1991 2719 plu-

1243 2719 1370 2766 ribus
1404 2724 1538 2767 codd.
1574 2749 1628 2755 —
1675 2724 1905 2766 mirtam
1939 2727 1993 2766 et

1242 2785 1297 2829 b.
1332 2782 1377 2825 in
1409 2795 1504 2834 sex,
1537 2781 1826 2838 myrthum
1861 2787 1916 2826 61
1946 2782 1989 2826 b.

1242 2844 1316 2888 ed.
1353 2855 1418 2896 pr.
1453 2841 1734 2898 myrtham
1767 2846 1825 2885 61
1855 2841 1904 2885 b.
1935 2842 1989 2884 H.

1243 2901 1301 2947 cf.
1336 2901 1405 2944 24.
1440 2900 1509 2943 43.
1530 2902 1628 2944 273.
1651 2901 1750 2944 281.
1771 2901 1871 2943 286.
1889 2902 1989 2944 332.

1242 2987 1293 2992 —
1331 2960 1439 3005 mel
1474 2973 1575 3004 cum
1607 2960 1661 3003 Π.
1696 2973 1779 3017 pro
1814 2959 1918 3004 vel.
