2098 3470
307 368 309 370 >
381 337 454 391 46
911 337 1009 382 Lib.
1042 337 1103 386 Π.
1162 337 1427 395 Sarcoptes.

382 474 591 536 vocant,
645 487 710 523 ac
763 469 1021 538 deinceps
1073 472 1302 523 amolum
1351 471 1581 525 infusum
1629 473 1828 526 adicies
1877 475 1971 527 vel·

383 546 559 596 orizae
598 560 796 597 sucum.
833 549 885 597 et
912 545 1053 597 lento
1081 546 1193 612 igni
1219 545 1429 598 fervere
1457 545 1626 598 facias
1658 547 1962 600 amolatum.

491 618 577 669 52.
620 618 811 670 Aliter:
875 619 1085 671 ossucla
1137 618 1360 686 depolis.
1416 620 1714 686 exbromaS,
1771 620 1966 674 deinde

380 690 539 743 mittis
588 691 641 743 in
695 693 985 745 caccabum
1033 708 1238 761 por1·OS,
1303 698 1531 758 anetum,
1591 694 1774 747 salem.
1846 711 1964 747 cum

381 769 534 817 cocta
570 763 780 832 fuerint,
820 765 1022 819 adicies
1060 766 1230 834 piper,
1272 767 1361 834 api
1400 783 1599 834 semen,
1642 767 1837 821 deinde
1864 767 1963 820 ori-

381 897 451 940 13.
495 909 597 941 cum
637 896 734 942 Ian.
772 896 834 940 ad
865 897 907 949 3,
942 898 1012 949 19,
1044 898 1119 949 2.),

378 954 511 1000 Varr.
550 958 586 1007 1,
618 955 690 1007 59,
725 957 765 1000 1.
795 955 911 999 Plin.
948 956 1017 1007 15,
1051 957 1118 1001 60.

379 1015 451 1067 21,
496 1015 592 1058 162.
638 1019 829 1059 cottana
871 1016 937 1066 13,
971 1017 1039 1059 51.
1075 1019 1123 1060 et

379 1073 434 1118 T.
470 1075 508 1117 1.
540 1087 583 1130 p.
618 1074 689 1126 40,
730 1074 804 1118 lin.
850 1075 888 1117 6.
923 1074 1118 1118 Martial.

380 1133 419 1185 7,
451 1134 523 1185 53,
557 1133 595 1177 7.
633 1134 703 1185 13,
743 1134 813 1177 28.
856 1133 1053 1178 coctana
1094 1146 1122 1178 3

378 1192 496 1238 Stat.
539 1192 640 1237 silV.
682 1192 726 1245 4,
767 1194 807 1236 9.
852 1193 924 1237 28.
965 1193 1123 1249 sicque

375 1251 559 1297 variant
590 1251 696 1296 libri
727 1251 825 1297 Cat.
867 1253 958 1296 133.
992 1252 1122 1297 Iuve-

376 1311 467 1355 1131.
511 1312 552 1359 3.
586 1311 655 1355 83.
689 1315 741 1355 ut
776 1311 945 1355 nostri:
991 1324 1122 1356 coc-

377 1371 581 1416 tomiis
623 1368 718 1426 βγδ.
763 1370 1035 1415 cotoniis
1075 1387 1122 1416 π.

378 1430 652 1475 cotoneis
708 1430 779 1475 ed.
838 1443 903 1485 pr.
953 1434 1122 1475 coto-

376 1490 506 1534 miis
539 1492 607 1532 θκ.
653 1490 949 1534 coctoniis
983 1490 1013 1537 ζ.
1065 1488 1114 1534 cf

375 1549 555 1593 lattuca
584 1549 631 1592 in
661 1549 814 1593 Edict.
847 1548 1046 1593 Dioclet.
1081 1549 1122 1601 6,

378 1609 416 1652 7.
459 1607 701 1653 Vectidius
732 1608 983 1660 Vettidius‚
1028 1607 1123 1652 Ac-

376 1668 468 1712 tius
519 1667 683 1711 Attius
731 1672 778 1712 et
819 1669 1016 1723 interpp.
1061 1667 1123 1712 ad

374 1727 501 1772 Pers.
540 1729 577 1778 1,
611 1728 682 1770 50.
714 1727 757 1779 4,
790 1728 860 1771 25.
897 1753 949 1757 —
985 1739 1121 1771 cau-

374 1799 571 1831 narum
620 1799 733 1830 corr.
792 1799 876 1842 pro
929 1794 1119 1830 cama-

374 1859 508 1897 rum,
541 1857 899 1898 cammarum,
944 1846 1120 1889 cami-

375 1918 573 1949 narum
620 1909 678 1949 et
723 1905 854 1948 Hum.
905 1905 1120 1948 carica-

375 1978 504 2009 rum.
548 1961 663 2008 ficus
696 1976 911 2008 cauneae.
953 1962 1121 2018 ἰσχάδες

376 2026 557 2064 Καυνίαι
588 2036 616 2066 3
640 2023 797 2067 Cauno
823 2023 985 2067 Cariae
1008 2023 1120 2068 urbe

374 2096 542 2127 nomen
614 2082 836 2127 ducentes
914 2083 1117 2138 (Forbig.

376 2142 547 2198 Geogr.
575 2142 630 2185 II.
665 2156 708 2197 p.
731 2143 832 2185 223.
852 2143 956 2194 224)
989 2146 1121 2185 erant

370 2202 547 2258 nigrae,
585 2202 786 2245 siccatae
818 2194 1016 2256 ind'eque
1048 2214 1121 2244 ru-

371 2273 517 2318 gosae
559 2265 606 2305 et
647 2261 721 2304 vel
754 2261 963 2315 integrae
995 2272 1120 2314 pres-

372 2333 451 2365 sae
469 2319 543 2364 vel
562 2319 769 2375 duplices
788 2320 955 2373 (Edict.
970 2318 1118 2362 Diocl.

372 2380 414 2431 6,
457 2379 530 2423 85.
572 2380 676 2433 88),
727 2379 965 2434 „exiguae,
1007 2390 1120 2433 quas

370 2437 600 2494 Aquitani
633 2443 680 2482 et
701 2437 1017 2482 Provinciales
1041 2449 1120 2480 vo-

372 2502 480 2542 cant
503 2498 747 2548 melecas“,
795 2497 1014 2552 Scaliger.
1064 2495 1124 2538 ad

373 2557 493 2602 Cels.
537 2557 579 2608 5,
622 2558 694 2607 21,
739 2558 776 2598 1.
818 2557 975 2599 vinum
1017 2554 1125 2598 inde

372 2614 634 2661 confectum
668 2615 941 2660 decoctione
972 2614 1019 2657 in
1045 2613 1124 2658 de-

372 2674 484 2720 fruti
525 2675 832 2719 substantiam
885 2674 1123 2718 redactum

370 2734 630 2780 vocabatur
670 2734 841 2791 sycites
884 2733 1019 2789 (Plin.
1054 2732 1123 2784 14,

374 2795 472 2838 102.
517 2795 675 2838 Diosc.
707 2794 749 2845 5,
780 2793 886 2845 41.).
931 2792 988 2836 de
1030 2791 1123 2835 illis

373 2852 432 2898 cf.
475 2853 671 2909 interpp.
717 2852 778 2896 ad
819 2851 1022 2896 Macrob.
1065 2850 1121 2893 ΙΙ.

371 2927 415 2970 p.
457 2911 696 2956 354.·355.
739 2936 794 2945 --
838 2910 1123 2955 admiscis

372 2975 425 3020 ut
457 2972 669 3025 ‚,miscis“
702 2983 844 3027 saepe
876 2971 922 3014 in
953 2969 1123 3014 nostris

1211 911 1295 954 pro
1315 898 1535 949 „misces“
1555 903 1602 943 et
1626 899 1850 952 „misces“
1874 912 1959 955 pro

1214 957 1502 1009 „miscebis“.
1548 959 1615 1002 sic
1647 963 1694 1002 et
1726 958 1837 1002 alibi
1869 964 1962 1002 ter-

1211 1017 1305 1061 tiae
1348 1022 1454 1060 sunt
1494 1017 1834 1074 coniugationis
1867 1022 1963 1062 tor-

1211 1089 1326 1126 rere,
1374 1074 1567 1127 fervere,
1614 1076 1817 1128 sorbere,
1862 1076 1963 1120 dul-

1214 1147 1332 1186 cere,
1375 1134 1585 1186 stridere,
1626 1134 1819 1191 fulgere.
1866 1148 1962 1179 car-

1213 1206 1322 1249 pere
1356 1198 1517 1238 contra
1553 1194 1648 1238 151.
1677 1195 1962 1250 abstergere,

1214 1252 1494 1308 abstergebo
1527 1265 1599 1309 ap.
1634 1253 1783 1310 ipsum
1818 1252 1963 1299 Cicer.

1213 1311 1275 1355 ad
1307 1311 1457 1364 Quint.
1492 1312 1564 1356 Fr.
1599 1314 1641 1365 2,
1677 1313 1743 1357 10.
1779 1311 1837 1357 cf.
1883 1312 1962 1358 Se-

1213 1383 1309 1415 nec.
1345 1371 1396 1415 N.
1431 1371 1482 1424 Q.
1517 1374 1558 1423 2,
1576 1372 1647 1416 56.
1683 1371 1885 1418 Ochsner
1902 1371 1963 1417 ad

1215 1430 1468 1475 Chrestom.
1515 1431 1607 1475 Cio.
1656 1445 1701 1487 p.
1749 1431 1814 1475 16.
1858 1431 1963 1477 489.

1214 1490 1414 1546 interpp.
1447 1490 1509 1533 ad
1540 1492 1721 1534 Lucret.
1754 1491 1796 1542 3,
1830 1491 1900 1534 22.
1918 1490 1961 1542 5,

1216 1549 1343 1592 1093.
1377 1549 1561 1592 Lachm.
1590 1549 1651 1593 ad
1669 1550 1710 1602 5,
1731 1549 1830 1593 768.
1863 1549 1960 1593 Hil-

1215 1608 1340 1652 debr.
1374 1608 1436 1651 ad
1467 1607 1610 1664 Apul.
1645 1610 1683 1652 1.
1717 1622 1760 1665 p.
1788 1609 1885 1652 101.
1906 1633 1961 1640 -

1213 1679 1295 1712 ac.
1360 1680 1496 1712 acce
1559 1668 1692 1712 codd.
1757 1667 1960 1723 accipe

1213 1727 1286 1771 ed.
1319 1740 1384 1782 pr.

1300 1786 1361 1830 ad
1378 1786 1448 1830 52.
1481 1785 1688 1842 Vulgata
1715 1790 1788 1830 est
1820 1785 1959 1830 ossi-

1212 1845 1342 1889 cula
1399 1845 1464 1890 de
1510 1846 1698 1901 pullis
1746 1858 1957 1900 expro-

1209 1917 1324 1947 mas
1357 1917 1476 1959 quae
1515 1904 1690 1949 diceret
1740 1904 1957 1959 „pulpam

1209 1963 1440 2019 pullorum
1474 1970 1737 2019 carptorum
1759 1964 1894 2007 mitte
1911 1963 1957 2006 in

1211 2023 1458 2066 caccabum
1501 2035 1603 2066 cum
1642 2023 1816 2077 porris“
1869 2026 1957 2066 cet.

1211 2082 1432 2126 debemus
1488 2094 1588 2125 eam
1644 2081 1832 2125 librario
1881 2080 1959 2137 qui

1210 2141 1544 2184 vocabulorum
1604 2141 1717 2184 artis
1774 2140 1963 2196 ignarus

1212 2205 1326 2245 erat.
1370 2199 1610 2244 osuccla
1640 2213 1675 2243 s.
1699 2198 1964 2243 ossicula

1211 2263 1319 2304 sunt
1345 2259 1504 2303 Nostri
1534 2263 1570 2312 ξ.
1593 2260 1635 2305 1.
1668 2258 1963 2316 dactylorum

1212 2330 1321 2362 ossa
1363 2322 1427 2371 (et
1469 2317 1647 2360 Pallad.
1696 2319 1764 2368 11,
1809 2319 1878 2368 12,
1924 2319 1961 2359 1.

1210 2377 1410 2421 Marcell.
1445 2376 1575 2432 Emp.
1598 2376 1666 2419 15.
1699 2375 1779 2420 fol.
1801 2377 1900 2420 106.
1914 2375 1960 2420 b.

1211 2435 1533 2492 palmularum*
1604 2447 1677 2489 ap.
1770 2435 1961 2480 Sueton.

1215 2494 1375 2539 Claud.
1410 2495 1451 2538 8.
1486 2494 1588 2538 6011.
1623 2494 1741 2538 Plin.
1774 2495 1845 2547 23,
1871 2493 1962 2545 98.)

1213 2566 1242 2597 a
1274 2553 1531 2610 quibusque
1574 2554 1645 2598 ius
1677 2553 1830 2609 tangit
1860 2552 1962 2596 378.

1213 2614 1319 2657 379.
1354 2613 1458 2656 coll.
1495 2613 1596 2657 253.
1646 2612 1796 2656 nuclei
1839 2611 1962 2656 ossei

1215 2672 1313 2717 coci
1343 2670 1586 2716 nuciferae‘
1604 2671 1702 2714 Lin.
1725 2670 1803 2727 qui
1824 2670 1963 2725 plane

1213 2731 1382 2775 maturi
1421 2735 1468 2776 et
1511 2733 1666 2775 aetate
1699 2730 1961 2785 provectio-

1212 2803 1287 2835 res
1320 2790 1472 2834 oleum
1503 2789 1690 2834 nimium
1717 2789 1963 2844 sapiebant

1213 2854 1355 2905 atque
1387 2848 1448 2892 ad
1481 2860 1694 2903 saporem
1726 2848 1962 2891 rancidum

1215 2908 1462 2953 delendum
1500 2906 1787 2959 infundendi,
1829 2919 1961 2963 prae-

1213 2971 1343 3013 terea
1406 2965 1719 3012 excorticandi
1771 2971 1818 3011 et
1865 2965 1962 3011 fere
