2098 3470
331 267 436 339 ’1.Θὲ
872 273 972 319 Lib.
1004 273 1062 320 V.
1125 274 1336 334 Ospreos

328 406 395 460 tis
433 406 487 460 in
529 408 818 462 caccabum
857 424 1021 480 supra
1061 409 1327 463 cerebella
1362 414 1413 463 et
1441 409 1673 478 pulpam.
1716 410 1804 462 ubi
1831 426 1911 462 sa-

328 480 394 534 tis
433 479 607 547 fuerit,
651 499 766 535 cum
806 482 921 536 iure
959 483 1167 536 misces,
1211 501 1279 536 ex
1318 483 1418 536 hoc
1440 483 1695 552 paulatim
1723 483 1913 538 alicam

329 554 566 609 condies.
609 556 707 609 sed
745 555 826 610 ius
865 562 922 609 ut
961 557 1112 623 quasi
1152 574 1308 611 sucus
1348 557 1607 611 videatur.

445 629 563 682 186.
605 630 849 683 Pultes
889 630 1204 685 iulianae
1245 631 1323 684 sic
1358 635 1680 698 coquantur:
1723 631 1913 685 alicam

325 707 610 771 purgatam
662 703 914 769 infundiS,
967 721 1182 771 coques,
1222 704 1390 759 facies
1431 710 1487 756 ut
1529 704 1751 759 ferveat.
1795 722 1913 758 cum

325 775 593 844 fervuerit‚
626 778 798 831 oleum
827 777 1003 832 mittis,
1036 795 1151 832 cum
1180 779 1506 849 spissaverit‚
1545 779 1660 833 lias
1697 778 1912 833 Adicies

326 851 594 904 cerebella
647 852 751 906 duo
807 857 959 906 cocta
1012 857 1064 905 et
1114 853 1363 906 selibram
1412 853 1610 922 pulpae
1652 853 1803 920 quasi
1842 853 1913 907 ad

323 924 476 978 isicia
514 924 723 993 friatae,
780 943 898 979 cum
940 927 1218 980 cerebellis
1257 931 1400 980 teres
1442 933 1493 980 et
1530 927 1583 979 in
1625 928 1913 981 caccabum

324 999 516 1053 mittes.
558 1004 698 1054 teres
739 1000 908 1071 piper,
950 999 1252 1067 ligisticum,
1294 1000 1512 1054 feniculi
1551 1017 1752 1067 semen,
1806 1001 1912 1055 suf-

322 1071 502 1126 fundis
540 1073 810 1141 liquamen
853 1079 905 1127 et
942 1074 1121 1127 vinum
1159 1074 1370 1128 modice
1413 1080 1464 1128 et
1501 1075 1662 1128 mittis
1699 1075 1754 1127 in
1795 1092 1911 1129 cae-

324 1148 514 1200 cabum
554 1164 716 1219 supra
755 1148 1021 1202 cerebella
1063 1154 1115 1202 et
1152 1149 1387 1217 pulpam.
1443 1149 1531 1203 ubi
1570 1149 1698 1202 satis
1738 1148 1911 1215 fuerit,

324 1237 443 1275 cum
482 1221 596 1275 iure
634 1223 843 1276 misces
889 1239 957 1275 ex
994 1222 1097 1276 hoc
1137 1223 1394 1291 paulatim
1443 1223 1634 1277 alicam
1676 1223 1909 1277 condies,

321 1295 418 1350 sed
470 1295 543 1348 ad
591 1297 801 1349 trullam
850 1296 1142 1367 permisces
1197 1302 1248 1350 et
1298 1296 1398 1350 lias
1447 1302 1504 1350 ut
1557 1297 1707 1365 quasi
1756 1314 1912 1352 sucus

319 1369 580 1424 videatur.

437 1444 555 1497 187.
609 1444 852 1497 Pultes
892 1444 1042 1498 iure
1083 1444 1425 1512 oenogari
1465 1445 1679 1499 cocti:
1736 1444 1911 1513 pultes

321 1517 578 1585 oenogari
620 1519 757 1572 bene
798 1519 936 1572 cocti
962 1518 1075 1572 iure
1104 1518 1323 1573 condies
1355 1517 1642 1590 [copadia].
1686 1519 1912 1572 similam

319 1591 433 1645 sive
486 1591 680 1646 alicam
734 1597 942 1646 coctam
993 1592 1096 1646 hoc
1133 1593 1247 1646 iure
1288 1592 1523 1646 condies.
1576 1598 1627 1646 et
1668 1610 1783 1646 cum
1826 1610 1912 1646 co-

318 1665 493 1737 padiis
515 1666 749 1738 porcinis
772 1667 1000 1737 apponis
1043 1667 1301 1734 oenogari
1342 1667 1479 1721 cocti
1517 1667 1630 1721 iure
1666 1666 1910 1721 conditis,

320 1810 451 1855 quas,
497 1799 674 1855 eliquas
716 1799 813 1843 179.
851 1824 899 1829 -
948 1799 1073 1843 adi-

319 1858 440 1902 cies
473 1859 519 1902 in
550 1858 834 1902 mortarium.
855 1884 906 1888 —
937 1857 1073 1903 fria-

318 1922 417 1962 tae
461 1931 575 1962 corr.
619 1931 675 1962 ex
716 1917 786 1960 38.
830 1931 915 1973 pro
958 1917 1072 1961 lia-

318 1981 432 2021 tae.
469 2002 520 2006 -
557 1990 677 2020 cum
710 1976 842 2021 iure
874 1990 932 2021 ex
960 1977 1072 2028 iure,

321 2036 457 2087 iuste,
489 2036 549 2079 ad
583 2036 652 2079 54.

408 2095 470 2139 ad
506 2095 603 2139 186.
656 2094 712 2139 cf.
747 2094 809 2138 ad
843 2095 942 2138 185.
988 2107 1071 2140 eae

317 2154 472 2210 pultes
503 2168 596 2199 non
635 2154 875 2198 habebunt
905 2167 1072 2199 nomen

315 2226 347 2257 a
364 2213 543 2258 Iuliano
563 2214 775 2265 Caesare,
808 2214 853 2256 in
877 2225 933 2258 eo
952 2214 1071 2258 enim

319 2273 526 2317 ciborum
567 2272 896 2328 parsimoniam
939 2285 1071 2328 prae-

318 2332 448 2376 dicat
462 2331 737 2376 Ammianus
769 2332 905 2375 Marc.
938 2334 1010 2383 21,
1028 2333 1070 2383 9,

318 2392 359 2434 2.
395 2390 624 2446 spartian.
661 2391 765 2434 Did.
799 2390 882 2434 Iul.
911 2391 952 2434 3.
987 2391 1071 2435 sed

317 2450 376 2495 ab
419 2450 501 2494 illo
545 2451 700 2495 nescio
745 2463 836 2505 quo
878 2450 950 2493 cui
993 2450 1070 2494 de-

316 2509 478 2554 bemus
509 2512 629 2564 γένος
660 2508 939 2549 πλακούντων
967 2509 1066 2549 ἴου-

316 2567 463 2609 λιανύν
519 2581 592 2623 ap.
654 2567 825 2612 Athen.
879 2568 947 2618 14,
997 2568 1068 2612 57.

318 2628 427 2672 olim
460 2627 601 2671 malui
632 2627 908 2672 iurianae
948 2627 1070 2671 iuru-

316 2686 486 2738 lentae,
517 2687 615 2731 iure
647 2687 877 2731 conditae.
924 2712 978 2718 -
1012 2692 1071 2730 et

316 2746 389 2789 ad
432 2750 507 2789 tr.
553 2746 688 2789 codd.
733 2745 800 2789 sio
845 2746 933 2798 „ad
965 2758 1070 2789 can-

315 2817 421 2848 nam
479 2805 775 2860 praecidere“
832 2805 931 2848 263.
983 2818 1067 2860 pro

317 2864 420 2908 solo
465 2864 691 2915 ablativo,
733 2864 795 2908 ad
837 2864 1068 2908 latruncu-

316 2923 388 2969 los
420 2923 580 2969 ludere
598 2936 673 2981 ap.
693 2922 881 2980 Vopisc.
914 2922 1065 2968 Procl.

1167 1800 1234 1843 13.
1285 1798 1345 1843 ad
1391 1811 1574 1844 manum
1622 1800 1807 1851 saltare,
1851 1800 1912 1844 ad

1164 1859 1304 1903 tibias
1361 1871 1538 1910 canere,
1597 1859 1657 1903 ad
1715 1859 1911 1915 digitum

1163 1930 1386 1973 pugnares
1431 1917 1665 1963 Drakenb.
1710 1919 1770 1962 ad
1811 1919 1909 1963 Liv.

1166 1978 1205 2028 7,
1225 1979 1266 2028 2,
1287 1977 1354 2020 10.
1394 1978 1460 2021 Sic
1477 1977 1736 2031 προὶςαιῗλὸν
1770 1981 1910 2033 φθέγ-

1162 2040 1310 2091 γεσθαι
1358 2041 1405 2080 et
1461 2036 1588 2091 αὖλῷ.
1649 2037 1787 2081 trulla
1841 2042 1913 2081 est

1162 2094 1410 2140 riihrkelle.
1474 2095 1642 2152 Τορύνη
1674 2097 1796 2141 unde
1827 2113 1910 2136 το-

1164 2153 1348 2210 ρυνητὸν
1379 2159 1485 2198 trua
1516 2156 1759 2200 subactum
1781 2160 1829 2200 et
1848 2156 1911 2206 le-

1161 2214 1369 2270 vigatum
1401 2215 1500 2258 375.

1250 2273 1311 2316 ad
1347 2273 1444 2316 187.
1479 2274 1546 2317 sic
1578 2274 1712 2317 Hum.
1747 2287 1803 2317 ex
1838 2274 1908 2318 ed.

1160 2346 1228 2387 pr.
1272 2332 1456 2376 codices
1501 2346 1582 2376 sex
1625 2336 1788 2377 contra
1818 2346 1910 2376 non

1160 2390 1334 2435 habent
1378 2391 1575 2436 alterum
1631 2393 1907 2448 „oenogari“

1162 2455 1209 2494 et
1253 2450 1354 2494 cod.
1398 2455 1441 2501 β.
1483 2465 1535 2506 p.
1588 2451 1717 2495 iure
1766 2465 1909 2495 oeno

1161 2509 1334 2553 cocti.
1385 2523 1437 2564 p.
1482 2510 1634 2554 beno
1681 2510 1838 2554 cocti
1869 2511 1909 2554 i.

1161 2581 1445 2625 oenogarum
1500 2573 1683 2613 coctum
1726 2582 1910 2624 compa-

1160 2627 1354 2671 randum
1387 2641 1487 2672 cum
1521 2629 1628 2672 vino
1648 2632 1782 2672 cocto
1808 2629 1906 2671 147.

1162 2711 1215 2716 —
1260 2699 1352 2742 ap.
1409 2686 1704 2742 oenogari
1746 2687 1909 2731 cocti

1159 2744 1294 2790 Hum.
1330 2746 1530 2790 correxit
1559 2759 1644 2801 pro
1662 2746 1834 2790 vitiosa
1852 2759 1909 2790 ex

1161 2804 1435 2859 compendio
1469 2809 1574 2849 orta
1596 2804 1795 2849 lectione
1827 2817 1905 2861 ap.

1159 2864 1502 2908 oenococti.
1538 2864 1596 2909 de
1620 2864 1829 2922 copadiis
1847 2864 1908 2910 ad

1159 2922 1228 2968 59.
1265 2948 1319 2954 —-
