2098 3470
876 311 1132 362 Praefatio,
1767 309 1799 363 9

206 447 451 503 contineo
506 446 598 502 imi
645 446 883 501 subsellii
930 446 1011 501 vir
1052 451 1104 500 et
1144 447 1352 503 caudae
1394 447 1621 518 equinae
1660 446 1799 518 pilos

204 537 462 608 paulatim
501 538 656 591 vello,
700 542 754 590 at
792 536 847 591 id
889 542 1040 590 extra
1079 541 1305 590 cantum.

317 629 379 680 In
419 627 594 680 multis
633 644 718 679 me
757 626 945 694 Apicio
987 627 1143 681 saluti
1192 626 1356 681 fuisse
1399 627 1588 697 opinor
1625 644 1800 695 neque

206 733 398 784 aquam
437 716 491 768 in
524 715 773 770 mortario
808 715 1086 782 tutudisse,
1129 715 1297 771 sicubi
1323 716 1490 771 falsus
1518 717 1633 784 sim,
1678 734 1800 771 con-

205 806 447 874 donabiS,
501 806 581 858 vir
631 805 1027 872 humanissime,
1083 823 1207 858 nam
1260 806 1376 873 quis
1414 806 1504 861 ille
1543 807 1801 862 Hercules

203 900 311 949 tam
349 897 593 949 robustus
648 900 699 949 et
745 894 1035 964 perspicax
1089 895 1246 949 fuerit
1286 896 1374 963 qui
1412 896 1622 965 Augiae
1660 894 1803 949 istud

204 978 467 1039 stabulum
514 1002 622 1038 una
674 983 839 1055 opera
890 984 966 1038 sic
1021 990 1315 1053 perpurget
1366 990 1423 1038 ut
1469 985 1597 1039 nihil
1636 984 1800 1039 sordi-

205 1075 330 1129 dum
371 1075 501 1129 inibi
539 1074 881 1142 relinquatur.
939 1091 1055 1128 cum
1098 1074 1384 1129 trinoctiali
1423 1075 1513 1128 illo
1553 1093 1638 1129 me
1680 1092 1802 1131 con-

204 1165 362 1234 feras,
429 1164 573 1233 quod
626 1163 839 1218 domem
899 1181 1036 1232 quae
1096 1164 1300 1219 scilicet
1351 1170 1589 1220 veterum
1641 1166 1804 1220 libros

204 1255 359 1308 nimis
402 1253 666 1321 obsident,
718 1253 772 1306 in
825 1254 1016 1321 quibus
1060 1270 1165 1321 ego
1207 1254 1502 1323 purgandis
1544 1255 1634 1308 diu
1673 1254 1803 1309 mul-

205 1349 420 1411 tumque
459 1345 646 1398 laboro
689 1348 740 1397 et
779 1343 850 1396 ad
889 1342 1067 1396 vivum
1108 1360 1311 1410 resecO,
1355 1344 1443 1398 vel
1477 1344 1683 1397 Iolaum
1708 1360 1802 1413 po-

204 1434 304 1490 tius
344 1434 604 1503 appelleS,
655 1433 700 1486 si
739 1432 999 1501 speciosis
1039 1433 1344 1486 nominibus
1386 1433 1608 1501 gaudes,
1659 1432 1802 1501 quod

204 1540 379 1591 paene
420 1539 712 1592 oppressae
765 1524 832 1577 ab
890 1522 1063 1592 hydra
1115 1523 1365 1576 vetustati
1403 1524 1549 1577 velut
1587 1521 1805 1577 Herculi

207 1612 458 1667 clamanti
520 1629 633 1665 sum
694 1617 912 1682 praesto
979 1629 1097 1666 cum
1161 1611 1299 1666 face.
1353 1611 1447 1666 fax
1497 1630 1623 1667 vero
1677 1612 1805 1666 mihi

204 1702 589 1756 inflammanda
629 1707 758 1770 erat,
799 1701 856 1755 id
898 1702 1040 1755 omni
1079 1718 1212 1756 voce
1245 1702 1522 1771 praedicO,
1563 1720 1688 1755 nam
1716 1701 1805 1770 qui

206 1792 368 1860 vulgo
411 1792 542 1846 Cato
586 1797 666 1846 est
706 1792 959 1859 cuiusque
1001 1796 1154 1845 notas
1194 1809 1292 1861 per
1343 1809 1529 1846 manus
1568 1791 1802 1845 tradide-

208 1887 330 1935 runt
369 1883 736 1936 subventanea
774 1882 986 1950 peperit
1023 1882 1272 1950 palpatus
1311 1881 1367 1935 in
1405 1882 1656 1950 tenebris,
1699 1881 1803 1951 pri-

203 1972 435 2025 moribus
487 1972 640 2026 labiis
694 1971 1016 2039 degustavit,
1070 1971 1260 2025 leniter
1310 1972 1593 2040 castigavit
1642 1973 1803 2040 gulae

205 2062 515 2129 magistrum
574 2061 791 2128 eiusque
852 2062 989 2115 bono
1048 2078 1156 2114 non
1223 2062 1443 2115 multum
1501 2061 1800 2128 desudavit,

204 2152 439 2219 palmam
479 2151 691 2204 minime
730 2150 1040 2219 praeripuit,
1082 2151 1364 2219 plurimum
1405 2156 1591 2205 contra
1613 2151 1804 2218 reliqui

208 2239 350 2294 fecit.
395 2258 462 2294 ex
501 2241 650 2294 istius
689 2240 1056 2308 Humelbergii
1079 2241 1506 2308 reliquorumque
1544 2240 1803 2309 interpre-

203 2335 313 2382 tum
351 2331 527 2383 multis
567 2330 739 2399 paleis
779 2346 967 2398 parum
1008 2329 1208 2382 fructus
1251 2329 1447 2397 collegi
1502 2335 1554 2384 et
1607 2348 1674 2384 ex
1724 2331 1800 2383 in-

205 2419 351 2486 genti
390 2419 659 2473 volumine
713 2419 984 2471 minimum
1027 2419 1302 2473 doctrinae
1347 2421 1517 2474 retuli.
1559 2421 1677 2489 ipse
1716 2420 1801 2474 Li-

204 2513 374 2561 sterus
425 2509 669 2561 immunis
721 2508 882 2576 venit,
938 2508 1167 2562 eandem
1221 2509 1541 2563 cantilenam
1592 2510 1800 2578 cecinit,

203 2597 480 2666 scrupulos
520 2614 626 2650 non
668 2598 877 2651 exemit.
922 2598 1064 2666 quod
1104 2599 1239 2652 alius
1293 2599 1529 2653 condivit
1583 2617 1800 2667 coquus,

202 2687 354 2741 aliter
395 2687 749 2741 condiendum
792 2693 919 2742 erat.
961 2681 1190 2741 πολλάκι
1229 2689 1316 2742 καὶ
1354 2684 1629 2762 κηπουρὸς
1667 2682 1800 2762 ἀνὴρ

201 2769 347 2843 μάλα
397 2775 603 2849 καίριον
653 2768 813 2829 εἶπεν.
865 2779 919 2830 in
967 2779 1176 2846 magnis
1218 2785 1270 2832 et
1307 2779 1541 2832 voluisse
1581 2784 1664 2832 sat
1703 2785 1798 2834 est.

201 2882 308 2919 non
349 2867 518 2919 omnis
557 2866 659 2920 fert
700 2855 877 2920 omnia
915 2868 1085 2921 tellus.
1144 2885 1302 2935 quam
1341 2868 1532 2921 multos
1571 2869 1626 2922 in
1668 2869 1800 2923 an-

201 2954 272 3008 lio
327 2955 641 3024 castigando
693 2957 906 3012 labores
958 2957 1184 3026 tulerim,
1239 2962 1492 3028 quantum
1545 2958 1799 3030 temporis
