2098 3470
360 283 465 336 180

355 415 611 482 coquitur,
652 414 857 468 adicies
889 413 945 467 in
971 414 1277 468 mortarium
1314 414 1484 485 piper,
1518 419 1706 482 rutam,
1749 416 1938 469 bacam

353 489 505 555 lauri,
546 488 829 555 liquamen,
871 504 1087 558 passum
1127 488 1239 541 sive
1280 505 1582 555 caroenum,
1629 489 1809 541 vinum
1849 506 1939 544 ve-

353 568 453 629 tus7
495 562 648 615 simul
687 562 864 614 omnia
900 566 1057 628 tereS‚
1103 566 1371 630 temperas
1413 567 1465 615 et
1502 562 1714 616 traicies
1753 562 1807 615 in
1846 579 1940 631 pa-

352 636 517 688 tinam
557 652 799 689 aeneam.
840 635 1002 688 mittis
1043 652 1178 689 eum.

465 709 588 762 390.
629 709 929 763 Porcellum
969 725 1033 763 eo
1073 708 1214 762 iure:
1256 725 1570 779 percoques.
1612 726 1730 762 cum
1763 714 1941 763 autem

353 783 520 850 levaS‚
579 783 756 837 amolo
809 781 1073 850 obligabis
1127 787 1181 836 et
1217 782 1295 837 sic
1331 782 1387 836 in
1423 799 1521 837 vas
1558 783 1849 838 transferes
1890 787 1944 836 et

351 856 565 910 inferes,

466 931 588 984 391.
629 930 1029 984 Porcellum
1066 928 1231 981 timo
1266 946 1611 999 sparsum:
1646 929 1939 998 porcellum

351 1005 639 1058 lactentem
690 1003 862 1072 pridie
928 1002 1160 1056 occisum
1213 1003 1382 1057 elixas
1433 1004 1546 1056 sale
1598 1009 1652 1057 et
1688 1008 1846 1056 aneto
1888 1008 1941 1057 et

351 1078 406 1131 in
447 1095 587 1145 aqua
624 1076 822 1144 frigida
872 1076 1088 1130 assidue
1140 1076 1358 1144 intingis
1409 1081 1466 1129 ut
1516 1077 1806 1131 candorem
1848 1075 1941 1130 ha-

353 1153 493 1206 beat.
532 1151 728 1205 deinde
753 1150 1093 1204 condimenta
1118 1150 1310 1203 viridia
1347 1150 1547 1218 timum,
1573 1151 1807 1219 puleium
1830 1168 1941 1204 mo-

354 1225 547 1292 dicum,
589 1242 692 1278 ova
744 1224 894 1290 dura,
949 1241 1139 1292 cepam
1188 1224 1460 1278 concisam
1509 1225 1824 1292 minutatim,
1878 1241 1944 1278 ea

354 1299 531 1353 omnia
569 1297 945 1367 superspargis
987 1304 1039 1351 et
1078 1297 1263 1351 condis
1287 1297 1589 1365 liquaminis
1618 1299 1793 1353 emina
1818 1315 1940 1365 una,

354 1374 458 1428 olei
499 1373 679 1441 pondo
721 1389 844 1439 uno,
882 1372 1030 1440 passi
1069 1371 1250 1443 pondo
1304 1389 1409 1425 uno
1452 1377 1505 1426 et
1542 1372 1619 1427 sic
1658 1372 1939 1426 ministras.

465 1448 589 1501 392.
680 1446 1078 1500 Porcellum
1156 1446 1570 1499 oxizomum:
1649 1446 1943 1515 porcellum

353 1526 660 1575 accuratum
704 1521 918 1573 ornabis
958 1524 1010 1573 et
1048 1519 1208 1572 mittis
1257 1521 1312 1572 in
1359 1520 1635 1574 iuscellum
1689 1520 1765 1574 sic
1819 1536 1940 1573 con-

354 1594 549 1648 ditum:
591 1594 793 1648 adicies
831 1594 883 1646 in
925 1593 1229 1647 mortarium
1268 1593 1469 1662 piperis
1509 1610 1678 1661 grana
1717 1595 1776 1648 L.
1816 1594 1941 1647 mel-

350 1669 415 1722 lis
457 1673 709 1736 quantum
761 1672 1030 1736 conpetat,
1098 1684 1262 1738 cepas
1311 1668 1482 1721 siccas
1532 1668 1630 1720 III.
1675 1667 1936 1722 coriandri

345 1743 529 1796 viridis
569 1742 683 1796 sive
722 1741 851 1796 sicci
890 1741 1174 1808 modicum,
1214 1741 1518 1808 liquaminis
1557 1740 1806 1808 eminam,
1837 1741 1939 1795 olei

879 297 979 342 Lib.
1017 296 1134 342 VIII.
1197 296 1445 353 Tetrapus.

345 1875 423 1920 tis
465 1888 583 1919 eum
627 1872 881 1930 porcellum
914 1878 1097 1918 coctum
1191 1873 1289 1917 180.
1329 1873 1400 1916 97.
1446 1873 1548 1918 360.
1589 1873 1690 1918 399.
1724 1872 1854 1917 Varr.
1888 1872 1940 1918 L.

343 1935 390 1979 in
433 1946 534 1979 eam
574 1934 783 1990 patinam
825 1933 870 1976 in
903 1945 995 1989 qua
1025 1932 1096 1976 ius
1187 1933 1237 1976 L.
1273 1932 1317 1982 5,
1349 1933 1404 1975 21
1438 1936 1474 1985 §-
1512 1932 1610 1977 104.
1645 1932 1746 1977 Col.
1782 1933 1851 1984 12,
1868 1932 1942 1984 59,

343 1997 428 2038 est.
462 1993 628 2048 supple
660 2005 717 2036 ex
748 1993 848 2036 392.
886 1992 979 2044 „sic
994 2004 1096 2047 per·
1189 1993 1229 2035 1.
1262 1991 1321 2034 al.

342 2065 519 2108 coques
553 2058 603 2096 et
634 2052 702 2095 sic
743 2050 998 2106 porcellum
1030 2050 1095 2094 in·

345 2110 509 2155 feres“.

430 2170 492 2213 ad
508 2171 609 2213 391.
643 2174 664 2213 t
682 2169 791 2212 imo
825 2180 1091 2223 crapsum

1274 2107 1336 2151 ad
1358 2108 1457 2151 392.
1493 2107 1774 2162 porcello
1807 2121 1939 2152 exo-

1184 2180 1343 2211 zome
1368 2171 1416 2211 et
1436 2166 1809 2211 exodiomum
1833 2167 1937 2212 cod.

341 2233 388 2274 et
419 2233 633 2286 tymmo
667 2240 883 2282 crapsu
915 2226 1016 2271 cod.
1047 2232 1096 2271 et

338 2301 447 2332 mox
500 2288 751 2331 timmum
804 2286 1094 2341 polleium

340 2371 394 2378 -—
429 2346 522 2391 oba
565 2372 619 2379 —
674 2345 810 2390 ciba
858 2345 1093 2389 concisa

337 2406 568 2449 minuta
611 2404 1002 2460 -liquamen
1035 2428 1091 2435 ——-

335 2477 533 2520 passo.
555 2490 607 2494 —
641 2463 703 2508 ad
733 2475 1003 2519 sparsum
1032 2461 1089 2506 cf.

337 2525 435 2567 139.
483 2523 671 2576 „timum
710 2524 977 2579 asparges‘fl
1022 2521 1090 2565 sic

334 2583 434 2626 297.
468 2582 574 2627 cod.
594 2594 693 2637 par.
727 2583 942 2663 „apsum“
979 2580 1088 2624 scri-

334 2641 405 2686 bit
434 2655 519 2697 pro
557 2643 867 2696 „asparsum‘fl
886 2665 942 2672 —
974 2640 1087 2695 pri-

335 2701 426 2745 die
458 2700 636 2745 occis,
669 2712 726 2744 ex
746 2698 1086 2755 coquorumle-

332 2760 486 2816 gibus,
551 2757 606 2803 cf.
671 2758 961 2803 Artemidor.
1010 2769 1083 2813 ap.

331 2818 508 2864 Athen
539 2819 609 2869 14,
648 2818 716 2861 84.
761 2817 968 2862 medicus
1007 2828 1085 2885 ap.

330 2878 497 2922 Ideler.
531 2878 588 2922 11.
621 2891 665 2933 p.
701 2877 802 2929 268,
837 2877 877 2921 7.
908 2902 959 2907 —
994 2876 1085 2919 mi·

330 2937 590 2983 nutatim
623 2949 741 2981 corr
776 2949 832 2981 ex
863 2935 1080 2979 117.138.

1186 2226 1245 2270 de
1278 2238 1369 2282 quo
1403 2225 1451 2268 di
1477 2226 1850 2281 prozmonitum
1867 2226 1938 2270 52.

1183 2285 1338 2340 pullus
1385 2285 1625 2328 oxizomus
1671 2283 1771 2327 241.
1834 2297 1937 2329 cum

1182 2344 1276 2387 acri
1299 2344 1410 2387 iure.
1436 2368 1490 2373 —
1517 2347 1862 2387 accuratum
1884 2348 1938 2387 ut

1180 2402 1467 2458 praecipitur
1486 2402 1588 2446 391.
1609 2427 1664 2435 -
1689 2415 1714 2446 c
1726 2415 1754 2446 o
1768 2415 1796 2445 n
1811 2401 1936 2446 dito

1182 2460 1283 2506 cod.
1318 2466 1365 2506 et
1406 2460 1593 2506 aicies
1625 2462 1679 2505 in
1710 2466 1937 2506 morta-

1179 2520 1266 2565 rio
1299 2520 1470 2576 piper
1502 2545 1557 2551 -—
1599 2532 1766 2577 quam
1798 2532 1936 2564 con-

1179 2579 1360 2636 pedat
1407 2603 1462 2611 --
1511 2579 1705 2623 emina
1748 2603 1803 2611 —
1846 2591 1935 2623 se—

1178 2639 1310 2694 pius
1364 2638 1630 2695 agitavis
1687 2663 1742 2668 —
1799 2650 1935 2692 per-

1178 2710 1352 2753 quo‘q3
1387 2698 1455 2741 sic
1489 2700 1739 2752 „quantum
1762 2709 1934 2752 conpe-

1178 2756 1286 2800 dat“
1324 2757 1421 2799 119.
1457 2780 1512 2787 —
1544 2755 1738 2799 mittis
1770 2754 1833 2798 ad
1864 2755 1932 2811 ig-

1175 2828 1281 2860 nem
1322 2814 1577 2870 porcellum
1622 2815 1701 2871 qui
1741 2815 1788 2858 in
1832 2814 1933 2858 iure

1175 2873 1411 2930 descripto
1435 2874 1572 2918 iacet.
1597 2899 1646 2903 —
1667 2886 1812 2929 cepa
1838 2874 1932 2917 ius

1175 2946 1291 2979 corr.
1326 2946 1383 2978 ex
1414 2932 1532 2978 334..
