2098 3470
700 304 799 352 Lib.
832 304 912 351 IV.
964 304 1239 353 Pandectes.
1687 298 1758 355 75

172 442 224 493 et
262 438 486 494 subinde
519 457 714 508 apuam
746 438 1060 508 baptizabis,
1105 455 1223 493 cum
1251 442 1405 492 cocta
1426 436 1599 506 fuerit,
1632 454 1756 507 pro-

168 512 297 567 icies
335 513 620 568 fasciculos
662 519 714 568 et
750 514 904 582 piper
942 513 1189 581 aspargis
1230 516 1281 566 et
1316 512 1533 568 inferes,

284 588 403 641 132.
457 588 709 641 Patina
763 587 841 641 de
894 603 1072 655 apua
1113 587 1264 640 sine
1304 603 1509 654 apua:
1562 586 1756 656 pulpas

167 660 331 728 piscis
383 662 491 715 assi
537 663 624 715 vel
665 661 790 715 elixi
827 661 1120 714 minutatim
1159 660 1329 714 facies
1367 661 1443 713 ita
1481 660 1755 714 abundan-

167 738 248 787 ter
295 740 355 787 ut
404 736 641 804 patinam
695 736 905 804 qualem
952 735 1101 787 voles
1140 735 1347 803 inplere
1386 735 1571 802 possit.
1613 739 1755 788 teres

167 808 323 877 piper
376 814 428 863 et
464 810 731 863 modicum
769 814 936 875 rutae,
978 808 1251 862 suffundes
1302 808 1574 874 liquamen
1613 807 1756 876 quod

166 883 295 937 satis
344 883 441 937 erit
493 888 545 938 et
595 884 698 938 olei
736 882 1002 937 modicum
1052 887 1104 935 et
1144 881 1441 936 conmisces
1479 882 1535 936 in
1572 882 1758 951 patina

168 973 288 1025 cum
327 957 521 1026 pulpiS,
570 957 647 1012 sic
701 962 754 1012 et
801 974 903 1010 ova
943 956 1107 1010 cruda
1147 956 1436 1022 confracta,
1490 961 1546 1010 ut
1596 973 1757 1010 unum

167 1047 358 1100 corpus
396 1031 502 1085 fiat.
545 1031 777 1101 desuper
812 1031 1003 1085 leniter
1043 1047 1317 1099 conpones
1363 1030 1562 1085 urticas
1600 1030 1756 1085 mari-

165 1121 280 1171 naS‚
320 1109 383 1158 ut
417 1122 524 1160 non
565 1124 683 1160 cum
724 1105 838 1160 ovis
877 1105 1219 1159 misceantur.
1272 1105 1498 1173 inpones
1551 1104 1622 1158 ad
1661 1122 1753 1158 va-

164 1195 366 1249 porem,
406 1189 463 1234 ut
501 1198 529 1234 c
567 1198 620 1234 m
659 1180 775 1234 ovis
813 1179 890 1234 ire
930 1179 1137 1250 possint
1186 1184 1238 1232 et
1277 1195 1396 1232 cum
1435 1178 1758 1234 siccaverint

166 1268 326 1324 super
364 1270 525 1325 aspar
568 1255 610 1309 ‘s
648 1255 804 1326 piper
841 1254 1018 1307 tritum
1060 1258 1112 1308 et
1148 1253 1365 1308 inferes
1406 1254 1476 1309 ad
1515 1270 1757 1309 mensam

166 1343 321 1380 nemo
362 1333 624 1396 agnoscet
663 1329 789 1396 quid
829 1328 1131 1381 manducet.

279 1402 399 1455 133.
453 1403 703 1456 Patina
756 1420 836 1457 ex
881 1403 1096 1456 lacte:
1151 1402 1372 1456 nucleos
1410 1401 1662 1455 infundes
1704 1406 1756 1457 et

164 1474 338 1528 siccas
394 1492 487 1530 eos
539 1508 610 1514 -—
662 1482 907 1531 recentes
955 1476 1122 1529 imbre
1161 1481 1380 1547 paratos
1419 1476 1642 1530 habebis
1686 1508 1748 1515 -

161 1548 396 1619 accipies
449 1551 684 1620 patinam
737 1556 790 1606 et
839 1551 893 1603 in
948 1567 1013 1604 ea
1054 1567 1327 1621 conpones
1367 1551 1580 1619 singula
1615 1549 1755 1604 infra

160 1623 391 1693 scripta:
447 1624 698 1678 mediana
748 1625 1041 1678 malvarum
1096 1629 1147 1677 et
1195 1625 1435 1678 betarum
1476 1630 1528 1679 et
1566 1641 1754 1695 porros

160 1701 411 1764 maturOS,
453 1699 624 1769 apios⁷
664 1699 818 1752 holus
859 1700 1018 1753 molle
1060 1703 1112 1752 et
1135 1698 1324 1751 viridia
1355 1699 1511 1767 elixa,
1552 1700 1752 1769 pullum

164 1776 401 1842 carptum
443 1790 510 1826 ex
555 1773 670 1827 iure
725 1778 947 1840 coctum,
1004 1773 1272 1827 cerebella
1313 1773 1469 1840 elixa,
1522 1773 1750 1841 lucania,

161 1860 263 1899 ova
304 1845 436 1900 dura
468 1865 565 1918 per
590 1847 822 1901 medium
849 1848 1036 1916 incisa,
1077 1852 1265 1915 mutes,
1305 1848 1604 1916 longaones
1634 1864 1751 1920 por-

162 1992 299 2037 simili
311 1994 636 2049 pisciculorum
650 1995 815 2051 quibus
834 2009 914 2042 no==

162 2065 280 2096 mem
312 2052 552 2108 βεμβράδες
583 2068 665 2098 seu
692 2053 911 2110 βεβρὰδες,

160 2111 457 2166 βαμβραδόνες
489 2119 536 2158 et
566 2111 809 2169 μεμβράδες
851 2114 912 2157 Sit

160 2171 378 2222 iunctum,
413 2174 539 2228 quod
572 2173 772 2217 edulium
804 2189 911 2226 μεμ-

159 2230 332 2284 βραφὺη
367 2231 535 2276 dicitur
567 2246 640 2288 ap.
675 2232 848 2277 Athen.
870 2232 909 2284 7,

159 2289 228 2332 528.
264 2294 311 2334 et
342 2290 497 2347 Etym.
540 2293 692 2348 Magn.
727 2306 771 2347 p.
809 2292 907 2343 177,

156 2348 227 2391 30.
274 2373 326 2378 —-
371 2363 428 2394 ex
469 2351 602 2394 codd.
644 2350 910 2406 apabab-

157 2406 365 2451 diabis
399 2407 487 2452 feci
530 2422 733 2465 apuam
776 2409 910 2465 bap-

156 2466 202 2509 ti
218 2479 241 2508 z
255 2477 282 2508 a
294 2466 323 2509 b
337 2467 352 2509 i
365 2480 386 2510 S
448 2472 679 2518 βαπτίσεις,
742 2467 909 2523 βάψεις,

155 2527 335 2580 tangeS‚
379 2526 649 2584 adsperges,
696 2527 906 2572 betraeu-

156 2581 263 2626 feln.
297 2584 429 2627 Hum.
477 2586 547 2630 ed.
596 2600 720 2631 cum
753 2599 909 2641 apua

155 2641 277 2686 elix
290 2643 356 2686 ab
376 2644 434 2687 is.

242 2701 304 2745 ad
338 2703 435 2746 132.
470 2698 667 2746 artificia
691 2703 905 2747 adultera

155 2758 252 2803 eius
310 2758 485 2805 farinae
532 2766 639 2806 sunt
695 2767 905 2807 rosatum

155 2815 253 2862 sine
281 2831 387 2862 rosa
401 2819 444 2863 4.
467 2820 640 2864 salsum
663 2822 760 2866 sine
778 2817 904 2867 salso

155 2873 257 2941 441.
301 2901 354 2908 --
397 2878 727 2934 adimplere
770 2894 904 2936 pos-

156 2945 239 2976 S1s
284 2934 416 2979 Hum.
462 2950 518 2980 ex
550 2938 623 2982 ed.
655 2952 721 2994 pr.
765 2953 904 2995 pos-

1005 1995 1085 2039 sit
1133 1995 1343 2040 codicum
1392 2000 1463 2040 est
1512 1996 1654 2040 liceat
1704 2000 1753 2040 et

1004 2055 1103 2098 215.
1138 2056 1238 2098 266.
1274 2081 1327 2086 —
1367 2056 1423 2099 in
1455 2055 1663 2111 patina
1693 2057 1754 2110 γθ

1003 2113 1060 2158 Η.
1103 2113 1159 2157 in
1192 2114 1321 2158 tina
1353 2115 1529 2171 reliqui.
1575 2139 1630 2146 —-
1670 2114 1751 2158 le—

1001 2174 1161 2217 viter
1201 2174 1336 2218 codd.
1375 2176 1460 2219 ire
1494 2174 1616 2218 coire
1646 2173 1750 2218 419.

1003 2232 1100 2277 Col.
1124 2232 1277 2284 1242,
1296 2234 1337 2277 3.
1370 2234 1399 2279 b
1414 2234 1596 2278 ullire
1613 2234 1749 2277 Hum.

1002 2317 1053 2321 —
1090 2291 1187 2335 noli
1218 2292 1407 2348 iungere
1439 2292 1669 2337 inferes
1688 2292 1751 2336 ad

999 2363 1253 2394 mensam
1303 2365 1404 2396 cum
1455 2352 1655 2396 librariis
1702 2356 1751 2396 et

1000 2410 1275 2454 editoribus.

1087 2469 1148 2512 ad
1185 2470 1281 2512 133.
1342 2469 1408 2513 sic
1449 2470 1548 2513 369.
1604 2469 1748 2514 aedus

998 2528 1234 2571 laureatus
1256 2542 1324 2578 *ex
1342 2529 1465 2572 lacte
1483 2542 1651 2573 nomen
1668 2528 1747 2571 ha-

997 2587 1093 2637 bet,
1128 2587 1235 2641 quia
1266 2588 1397 2631 isicia
1427 2601 1486 2631 ex
1518 2588 1640 2631 lacte
1664 2601 1748 2643 po-

997 2646 1223 2689 tissimum
1240 2645 1455 2690 confecta
1471 2646 1745 2690 adiciuntur.

997 2729 1050 2734 -
1085 2704 1261 2748 emend.
1295 2719 1352 2749 ex
1390 2706 1746 2760 imprepara-

996 2768 1015 2806 t
1030 2777 1057 2807 o
1073 2775 1093 2807 s
1116 2763 1192 2807 vel
1220 2764 1274 2807 in
1289 2776 1472 2819 praep.
1494 2777 1630 2820 quam
1647 2765 1746 2809 vul-

994 2826 1153 2878 gatam
1226 2823 1337 2868 olim
1403 2823 1747 2878 interpretabar

992 2895 1115 2934 „non
1138 2884 1337 2926 tostos“.
1369 2882 1559 2926 nucleos
1581 2883 1745 2937 pineos

995 2953 1131 2996 quam
1159 2941 1500 2985 recentissimos
1525 2941 1669 2985 adicit
1684 2941 1743 2986 si-
