2098 3470
704 311 806 356 Lib.
838 311 896 355 X.
957 309 1126 355 Alieus
1157 309 1345 355 libatus.
1704 309 1808 362 201

318 449 448 502 467.
488 447 601 514 Ius
640 446 710 498 in
748 445 1070 498 lacertos
1111 443 1374 498 elixos:
1414 443 1586 511 piper,
1626 441 1813 508 ligisti—

209 541 346 588 cum,
390 520 657 586 ciminum,
700 523 874 571 rutam
908 517 1152 583 viridem,
1182 534 1391 585 cepam,
1419 517 1542 583 mel,
1583 521 1811 583 acetum,

208 597 496 664 liquamen
525 594 699 646 oleum
729 592 964 650 modice.
989 608 1108 646 cum
1125 591 1371 658 bullierit‚
1394 591 1569 644 amolo
1586 590 1812 656 obligas,

321 670 447 721 468.
503 669 622 720 Ius
661 667 729 719 in
782 666 982 737 pisce
1034 681 1227 718 asso:
1279 666 1451 733 piper,
1510 663 1814 731 ligisticum,

207 744 412 809 timum,
456 741 793 795 coriandrum
834 740 1021 806 viride,
1063 740 1186 805 mel,
1240 745 1467 806 acetum,
1525 739 1815 806 liquamen,

209 818 409 883 vinum,
452 816 647 882 oleum,
691 814 996 867 defrictum.
1040 813 1329 867 calefacies
1371 818 1423 866 et
1461 812 1692 880 agitabis
1730 828 1815 863 ru-

211 897 301 944 tae
340 889 555 942 surculo
589 894 642 942 et
682 888 951 955 obligabis
992 888 1187 940 amolo.

323 964 449 1016 469.
506 964 622 1015 Ius
675 963 744 1014 in
795 962 1019 1014 tinno:
1077 963 1252 1032 piper,
1295 960 1562 1026 ciminum,
1613 959 1816 1026 timum,

211 1038 574 1105 coriandrum,
643 1053 850 1104 cepam,
920 1052 1081 1088 uvam
1120 1052 1354 1105 passam,
1408 1039 1637 1099 acetum,
1691 1034 1817 1101 mel,

211 1112 408 1176 vinum,
444 1112 732 1177 liquamen,
761 1110 954 1162 oleum.
988 1109 1278 1162 calefacies
1308 1115 1361 1162 et
1385 1109 1561 1160 amolo
1592 1107 1816 1174 obligas,

324 1185 450 1236 470.
519 1185 641 1236 Ius
680 1184 746 1236 in
786 1184 982 1236 tinno
1026 1184 1250 1237 elixo:
1304 1183 1476 1252 piper,
1529 1181 1819 1249 ligisticum

212 1258 413 1325 timum,
458 1258 878 1324 condimentum,
934 1258 1244 1324 hortariam,
1279 1274 1488 1325 cepam,
1542 1256 1819 1323 cariotam,

214 1333 337 1398 mel,
379 1337 606 1398 acetum,
647 1332 921 1398 liquamen
963 1338 1016 1384 et
1057 1333 1231 1384 oleum
1275 1336 1327 1384 et
1367 1347 1587 1398 senape.

328 1407 453 1457 471.
497 1407 614 1458 lus
654 1406 722 1457 in
763 1405 1051 1459 dentice
1080 1422 1271 1458 asso:
1312 1404 1483 1473 piper,
1514 1403 1820 1471 ligisticum,

217 1480 574 1546 coriandrum,
617 1486 869 1545 mentam,
924 1486 1095 1532 rutam
1150 1479 1373 1546 aridam,
1426 1480 1622 1530 malum
1677 1478 1822 1531 cido-

215 1554 376 1619 nium,
421 1559 632 1605 coctum
671 1554 795 1619 mel,
849 1554 1046 1621 vinum,
1095 1554 1382 1620 liquamen,
1437 1554 1626 1606 oleum.
1683 1553 1823 1605 cale-

214 1625 385 1680 facies
427 1634 480 1679 et
519 1627 696 1679 amolo
738 1628 1018 1693 obligabis

328 1702 456 1754 472.
517 1701 632 1753 Ius
671 1701 739 1753 in
783 1701 1066 1754 dentice
1108 1702 1327 1754 elixo:
1377 1700 1550 1770 piper,
1591 1705 1823 1767 anetum,

221 1772 491 1841 ciminum,
531 1775 734 1842 timum,
776 1781 1029 1841 mentam,
1070 1781 1243 1829 rutam
1282 1775 1524 1841 viridem,
1550 1775 1673 1842 mel,
1701 1791 1824 1828 ace-

219 1854 347 1914 tum,
389 1849 679 1915 liquamen,
719 1849 918 1916 vinum,
960 1850 1137 1902 oleum
1177 1850 1407 1903 modice.
1440 1848 1731 1903 calefacies
1772 1853 1828 1902 et

219 1923 398 1974 amolo
442 1923 727 1989 obligabis,

333 1997 460 2048 473.
504 1997 617 2048 lus
657 1997 726 2048 in
766 1997 969 2066 pisce
1006 2002 1282 2050 aurata:
1318 1997 1490 2065 piper,
1518 1996 1825 2064 ligisticum,

220 2086 456 2136 careum,
511 2070 808 2138 origanum,
863 2077 1014 2125 rutae
1070 2073 1277 2139 bacam,
1331 2077 1583 2138 mentam,
1637 2071 1828 2125 mirtae

221 2145 430 2209 bacam,
474 2145 562 2196 ovi
602 2145 860 2213 vitellum,
914 2146 1038 2212 mel,
1093 2151 1322 2213 acetum,
1379 2146 1571 2213 oleum,
1625 2147 1825 2214 vinum,

217 2217 505 2283 liquamen.
550 2218 839 2272 calefacies
882 2225 934 2272 et
971 2220 1049 2273 sic
1090 2220 1270 2275 uteris,

330 2292 457 2343 474.
501 2293 616 2344 Ius
656 2294 723 2345 in
764 2294 966 2362 pisce
1008 2300 1256 2347 aurata
1296 2310 1482 2347 assa:
1525 2294 1697 2363 piper,
1740 2310 1827 2347 co-

215 2364 506 2433 riandrum,
536 2372 771 2419 mentam
800 2368 1025 2436 aridam,
1066 2369 1156 2439 api
1185 2385 1387 2436 semen,
1434 2386 1642 2437 cepam,
1670 2385 1828 2420 uvam

220 2453 457 2505 passam,
496 2441 621 2507 mel,
663 2447 895 2509 acetum,
937 2443 1134 2509 vinum,
1176 2443 1467 2510 liquamen,
1510 2444 1705 2500 oleum.

329 2512 455 2564 475.
498 2514 612 2565 Ius
653 2515 719 2566 in
763 2517 1153 2586 scorpione
1196 2517 1415 2570 elixo:
1457 2518 1631 2587 piper,
1675 2533 1828 2570 care·

322 2613 384 2656 ad
431 2614 531 2656 467.
605 2616 813 2661 lacert.
882 2618 979 2661 141.
1163 2619 1224 2663 ad
1254 2619 1358 2663 469.
1391 2619 1617 2678 thynno
1650 2621 1724 2666 ed.
1755 2635 1828 2677 pr.

219 2670 427 2716 Ockenio
468 2673 532 2717 VI
549 2688 594 2730 p.
622 2677 722 2719 190.
742 2682 815 2721 est
832 2690 982 2721 scom-
1071 2678 1128 2722 Η.
1163 2679 1461 2735 liquamen
1493 2680 1628 2724 deest
1654 2681 1701 2724 in
1727 2694 1827 2725 sex.

217 2731 300 2775 ber
333 2731 593 2785 trachurus‚
626 2735 831 2780 stoeker.
1160 2739 1222 2782 ad
1268 2739 1370 2782 470.
1447 2740 1831 2785 condimenta

263 2848 273 2858 ⁸
306 2791 369 2834 ad
399 2791 501 2835 468.
536 2794 736 2839 azitabis
771 2796 803 2842 ζ.
838 2797 981 2839 zita·
1071 2798 1509 2843 mortariacodd.
1525 2811 1642 2843 corr.
1659 2799 1827 2844 ut224.

218 2847 310 2892 b1s
349 2848 435 2905 βγδ
489 2852 563 2896 ed.
607 2867 674 2909 pr.
722 2855 890 2899 lacuna
935 2856 980 2898 in
1161 2857 1223 2901 ad
1273 2857 1373 2902 471.
1436 2864 1670 2903 coctum
1716 2859 1826 2904 mel

222 2910 290 2952 θκ.
323 2921 452 2976 ramo
485 2918 621 2956 rutae
652 2915 838 2970 agitare
871 2916 898 2958 i.
936 2928 977 2970 q.
1071 2915 1174 2960 434.
1208 2918 1302 2962 vel
1335 2918 1381 2961 in
1414 2918 1632 2974 quinque.

218 2965 444 3012 fasciculo
480 2970 576 3013 141.
1161 2976 1222 3020 ad
1267 2978 1368 3020 472.
1412 2991 1503 3022 om.
1545 2978 1621 3024 ed.
1662 2991 1733 3033 pr.
1777 2982 1831 3022 et

264 3047 303 3080 C.
328 3048 483 3088 Apicius
508 3051 564 3081 ed.
591 3050 749 3084 Schuch.
1348 3102 1350 3105 v
1558 3067 1616 3111 14
