2098 3470
305 318 340 370 4
970 315 1223 361 Praefatio.

304 466 551 503 romanus
589 450 679 501 ille
718 450 1004 502 Maecenas
1047 450 1284 515 consilio,
1337 449 1549 517 divitiis,
1604 468 1767 519 opera
1816 450 1892 503 fa-

304 540 465 591 vebat
503 538 580 590 sui
622 539 785 590 seculi
824 538 1043 591 literatis
1083 538 1224 604 viris,
1265 539 1340 590 ita
1387 543 1438 591 ct
1476 539 1557 590 Tu
1598 544 1777 592 noster
1817 538 1892 591 fa-

306 627 398 692 cis,
441 625 871 701 quandoquidem
902 626 1087 680 doctos
1124 627 1314 680 doctus
1342 626 1458 695 ipse
1485 628 1635 680 iuvas
1666 644 1893 696 semper,

305 720 590 781 sustentas,
631 701 912 781 ‘a'lis,'rdas
964 732 1197 782 munera,
1253 715 1453 783 prodes
1509 716 1749 769 omnibus
1790 722 1894 769 stu-

307 802 495 859 diosis·
540 820 850 874 neoporro
887 803 1112 871 dubim,
1185 804 1310 871 quin
1362 821 1500 857 nunc
1549 821 1757 871 quoque
1812 806 1897 858 vel

306 878 750 949 maxime'eidcm
786 876 991 959 ingenii
1036 893 1139 946 mei
1181 892 1349 946 soetui
1388 893 1440 944 in
1480 893 1746 961 publicum
1777 911 1896 961 pro-

307 980 491 1034 deunti
532 979 725 1033 adesse
767 981 914 1048 velis,
957 998 1059 1048 quo
1101 981 1258 1034 tutior
1290 981 1426 1034 inter
1458 981 1773 1034 iudiciorum
1806 999 1896 1050 pe-

306 1070 473 1124 ricula
525 1074 764 1123 versetur
815 1075 976 1137 atque
1027 1071 1299 1124 honestior
1338 1071 1455 1123 Tuo
1496 1070 1725 1137 nomine,
1781 1070 1896 1123 Tuo

306 1158 616 1228 patrocinio,
660 1158 857 1227 optimo
898 1159 1012 1213 iure
1053 1159 1257 1226 riteque
1296 1159 1486 1228 Apicio
1521 1159 1766 1228 Apicium
1807 1159 1897 1213 de-

308 1248 594 1303 dicandum
629 1248 927 1303 existimavi
965 1265 1080 1302 cum
1109 1255 1166 1301 ut
1194 1248 1586 1302 observantiam
1614 1249 1896 1317 probarem

307 1342 662 1405 testatamque
701 1337 952 1404 facerem,
995 1342 1102 1390 tum
1139 1337 1280 1406 quod
1310 1338 1389 1391 Te
1420 1355 1537 1392 cum
1565 1338 1746 1406 primis
1773 1337 1897 1392 ista-

307 1443 421 1480 rum
459 1443 634 1481 rerum
674 1426 978 1494 cognitione
1019 1427 1156 1496 capi,
1197 1428 1297 1481 isto
1333 1427 1661 1494 antiquitatis
1697 1443 1899 1495 genere

307 1516 477 1571 teneri
518 1516 785 1583 otiumque
826 1516 1095 1570 oblectare
1134 1521 1476 1585 perspectum
1515 1516 1790 1583 haberem,
1846 1522 1902 1569 ut

310 1605 399 1673 qui
437 1621 705 1673 nunquam
755 1621 860 1658 non
911 1605 1119 1659 lectites
1159 1605 1380 1673 dignum
1429 1605 1571 1674 quod
1610 1606 1664 1659 in
1704 1623 1900 1660 memo-

308 1695 421 1748 riae
460 1694 699 1749 alveolos
739 1694 1125 1762 compingatur,
1180 1711 1391 1764 semper
1433 1695 1665 1749 eruditas
1707 1695 1899 1749 disser-

309 1785 538 1838 tationes
580 1788 633 1837 et
672 1783 937 1850 colloquia
976 1783 1220 1851 misceas,
1273 1789 1329 1836 ut
1366 1802 1466 1838 nec
1505 1801 1691 1838 mensa
1731 1784 1900 1838 doctis

312 1873 662 1928 condimentis
716 1876 898 1926 careat
948 1873 1144 1939 vixque
1196 1873 1463 1926 dilabatur
1503 1873 1618 1927 sine
1657 1873 1900 1927 lectionis

307 1962 482 2016 fructu
533 1961 677 2029 quod
716 1961 882 2015 sacris
922 1961 1243 2030 impenditur
1281 1971 1506 2030 tempus,
1558 1962 1664 2015 imo
1706 1963 1901 2030 ubique

310 2051 554 2120 genuinis
595 2051 703 2104 suis
743 2051 973 2103 animum
1016 2051 1248 2104 exsaties
1290 2051 1495 2119 opibus,
1551 2051 1627 2104 ita
1679 2056 1735 2104 ut
1773 2051 1901 2103 nihil

308 2157 526 2211 prorsus
567 2140 687 2193 Tibi
741 2157 859 2194 cum
900 2141 1061 2207 vulgo
1105 2140 1324 2193 divitum
1363 2140 1714 2207 indoctorum,
1769 2156 1901 2206 quos

308 2235 456 2284 recte
497 2229 620 2282 olim
659 2228 934 2295 Diogenes
975 2245 1137 2283 aureo
1180 2234 1397 2282 onustas
1430 2230 1628 2284 vellere
1662 2228 1901 2298 pecudes

309 2318 597 2386 vocitabat,
640 2334 919 2372 commune
961 2335 1079 2372 esse
1120 2319 1354 2386 patiaris

420 2408 633 2461 Utinam
687 2406 814 2459 mihi
865 2407 1012 2460 cuius
1061 2424 1168 2460 non
1222 2412 1302 2461 est
1348 2408 1402 2460 in
1442 2413 1784 2462 transennam
1824 2407 1899 2460 in-

311 2496 526 2561 ducere,
565 2513 715 2549 rosas
757 2501 810 2550 et
847 2496 1050 2563 tragice
1089 2496 1250 2563 loqui,
1292 2495 1484 2550 farcire
1527 2502 1797 2565 centoneS,
1841 2514 1901 2550 os

309 2586 577 2640 sublinere
616 2602 715 2653 par
756 2589 898 2638 esset
935 2585 1209 2651 ingenium
1243 2585 1489 2639 laudibus
1530 2586 1658 2638 Tuis
1685 2586 1770 2639 vel
1798 2586 1899 2638 sal-

308 2680 416 2729 tem
456 2680 512 2727 ut
540 2674 815 2742 cupiditati
842 2690 996 2726 meae
1025 2673 1408 2741 satisfacerem,
1452 2690 1771 2740 quamquam
1805 2691 1902 2727 sua

308 2764 426 2818 luce
468 2763 746 2818 clarissimi
786 2763 885 2815 viri
925 2762 1113 2816 alienis
1151 2762 1397 2829 igniculis
1448 2762 1620 2815 minus
1659 2762 1902 2830 indigent

311 2858 364 2908 et
417 2854 595 2908 lumcn
647 2852 747 2906 soli
794 2857 1037 2905 mutuare
1089 2851 1340 2920 ineptum.
1394 2868 1575 2906 verum
1623 2851 1900 2905 verissima

309 2943 484 2999 fronte
537 2944 727 3010 dicam,
775 2942 1012 2996 veritatis
1066 2941 1233 2995 oratio
1286 2941 1530 3010 simplex,
1595 2959 1661 2996 ex
1714 2940 1901 2995 schola
