2098 3470
635 323 734 367 Lib.
770 322 895 366 VIII.
958 322 1201 377 Tetrapus.
1613 321 1715 373 161

243 459 365 512 341.
423 459 536 510 Ius
587 456 654 508 in
707 472 943 509 cervo:
998 459 1138 508 teres
1189 454 1359 522 piper,
1411 452 1715 520 ligisticum,

132 549 363 599 careum,
406 531 699 598 origanum,
741 530 830 598 api
870 545 1070 594 semen,
1118 528 1308 580 las-aris
1347 526 1602 594 radicem,
1642 526 1717 580 fe-

130 606 290 657 niculi
330 622 529 671 semen,
570 604 803 670 fricabis,
858 602 1130 655 suffundes
1181 601 1466 669 liquamen,
1519 600 1716 666 vinum,

130 695 364 746 passum,
408 679 582 732 oleum
621 677 902 729 modicum.
946 693 1065 730 cum
1104 675 1373 741 fervuerit,
1415 675 1590 726 amolo
1627 676 1718 727 ob-

131 753 284 818 ligas
329 769 541 805 cervum
582 755 789 804 coctum
828 751 963 802 intro
1004 749 1149 802 foras
1187 753 1379 815 tanges
1421 753 1473 801 et
1498 747 1715 801 inseres,

244 827 368 879 3242.
417 827 478 877 In
517 826 788 893 platonem
840 824 1079 877 similiter
1132 827 1184 875 et
1232 823 1285 874 in
1341 839 1495 875 omne
1549 838 1719 890 genus

132 899 429 952 venationis
472 898 662 952 eadem
704 897 983 951 conditura
1022 897 1199 950 uteris,

244 974 368 1025 343.
411 973 579 1025 Aliter
619 989 831 1025 cervum
868 971 1093 1024 elixabis
1129 975 1180 1024 et
1214 969 1535 1023 subassabis.
1578 974 1719 1023 teres

132 1047 303 1117 piper,
344 1046 646 1113 ligisticurn,
689 1063 919 1112 careum,
951 1045 1039 1113 api
1067 1061 1266 1111 semen,
1296 1043 1572 1097 suffundes
1596 1045 1719 1109 mel,

134 1126 360 1187 acetum,
402 1121 685 1187 liquamen,
741 1121 933 1173 oleum.
989 1118 1306 1172 calefactum
1360 1118 1536 1171 amolo
1591 1117 1720 1171 obli·

132 1211 230 1261 gas
273 1200 325 1248 et
365 1210 577 1247 carnem
615 1192 922 1262 perfundes,

248 1269 373 1326 344.
413 1269 502 1320 Ius
541 1268 596 1320 in
636 1284 822 1321 cervo:
875 1267 1045 1336 piper,
1086 1265 1387 1334 ligisticum,
1439 1265 1719 1334 cepullam,

136 1341 428 1409 origanum,
470 1343 706 1410 nucleOS,
738 1342 981 1409 cariotaS,
1017 1342 1138 1409 mel,
1167 1340 1454 1409 liquamen,
1497 1356 1720 1410 senape,

134 1421 360 1483 acetum,
402 1417 591 1470 oleum.

247 1492 369 1543 345.
414 1491 675 1543 Cervinae
718 1488 1023 1543 conditura:
1066 1490 1237 1560 piper,
1281 1488 1547 1555 ciminum,
1601 1505 1723 1542 con-

136 1563 441 1631 dimentum,
499 1562 918 1635 [petrosilinum],
973 1581 1180 1632 cepam,
1233 1567 1420 1631 rutam,
1474 1568 1723 1630 mentam,

135 1639 255 1704 mel,
296 1638 583 1707 liquamen,
624 1654 861 1706 passum,
904 1654 1192 1691 caroenum
1234 1642 1286 1690 et
1328 1637 1504 1690 oleum
1556 1636 1724 1689 modi-

139 1728 271 1764 cum.
314 1713 488 1764 amolo
530 1712 738 1778 obligas
781 1728 899 1764 cum
938 1712 1042 1764 iam
1084 1711 1248 1764 bullit.

249 1787 372 1839 346.
413 1787 538 1838 Iura
577 1785 838 1839 ferventia
875 1786 929 1837 in
971 1802 1158 1839 cervo:
1208 1785 1380 1856 piper,
1420 1784 1724 1852 ligisticum,

137 1859 526 1927 petrosilinum,
582 1859 845 1926 ciminum,
911 1859 1212 1927 suffundeS,
1278 1859 1498 1912 nucleos
1550 1863 1722 1912 tostos

138 2004 288 2050 fresne
321 2005 374 2049 Τ.
408 2006 473 2050 VI
512 2019 555 2061 p.
590 2007 689 2051 933.
725 2006 811 2050 col.
847 2007 885 2049 1.

141 2090 193 2095 --
234 2065 499 2108 mirinam
543 2079 640 2120 par.
685 2066 746 2109 ad
786 2066 887 2109 331.

978 2011 1144 2050 natura
1175 2004 1403 2050 schaufler
1442 2006 1610 2050 dicitur
1650 2006 1731 2050 da-

979 2079 1054 2109 ma
1078 2078 1105 2108 a
1129 2065 1376 2109 latitudine
1395 2078 1613 2109 cornuum
1632 2066 1730 2121 pla-

980 2130 1060 2169 ton
1093 2124 1253 2168 vocari
1284 2129 1487 2179 poterat,
1520 2130 1572 2168 ut
1603 2126 1680 2169 illc
1703 2138 1732 2168 a

979 2184 1228 2227 latitudine
1290 2184 1491 2238 pectoris
1561 2185 1731 2229 Platon

982 2243 1060 2297 (ad
1092 2243 1228 2298 Diog.
1264 2244 1415 2286 Laert.
1461 2244 1502 2294 3,
1535 2243 1577 2286 4.
1619 2244 1731 2288 Her-

980 2314 1117 2346 mann
1159 2302 1278 2344 Plat.
1312 2301 1573 2357 philosoph.
1621 2304 1643 2345 1
1688 2316 1732 2358 p.

140 2125 483 2168 cui-ionibus
516 2123 590 2179 γὸζ
622 2125 693 2169 ed.
726 2138 794 2180 pr.
819 2129 889 2168 tu-

139 2183 291 2226 riones
338 2183 455 2226 lauri
502 2189 549 2227 ct
590 2196 664 2239 ap.
710 2183 891 2227 Colum.

142 2243 211 2292 12,
235 2243 306 2292 50,
329 2244 369 2286 5.
394 2242 758 2298 stockknospen,
775 2242 891 2286 wur-

140 2301 376 2352 zeltriebe,
409 2301 633 2346 schosse‘?
674 2306 781 2346 sunt
814 2302 892 2357 qui

140 2360 302 2403 ramuli
320 2361 420 2404 331.
438 2361 592 2404 laurus
611 2361 770 2405 viridis
787 2362 889 2404 379.

142 2419 241 2520 eiqs
273 2420 421 2464 teneri
451 2421 698 2464 ramusculi
740 2425 892 2464 staen-

142 2490 200 2533 ge
231 2481 250 2520 P

231 2536 292 2579 acl
323 2535 422 2579 342.
466 2550 551 2592 pro
585 2537 793 2581 codicum
838 2537 893 2580 in

143 2595 385 2650 platone
426 2596 498 2639 ed.
550 2609 616 2652 pr.
660 2595 895 2652 glossema

143 2655 200 2697 in
271 2654 660 2711 platycerote
738 2654 895 2706 habet,

145 2713 273 2769 quod
321 2714 531 2758 animalis
574 2728 738 2758 nomen
783 2714 895 2757 alibi

145 2786 328 2829 quoque
375 2787 616 2829 perperam
664 2773 895 2831 scribitur,

145 2832 260 2874 Plin.
296 2834 366 2883 11,
401 2834 498 2876 123.
542 2833 671 2877 Varr.
707 2835 748 2885 2,
785 2834 822 2884 1,
856 2834 895 2876 5.

146 2904 247 2934 cum
279 2890 488 2935 Schneid.
521 2906 673 2937 nonne
705 2906 815 2937 vero
848 2898 900 2936 ut

146 2951 446 2994 venatoribus
502 2952 672 3005 nostris
730 2965 758 2996 a
817 2964 901 2996 sua

192 3024 231 3056 O.
257 3025 410 3066 Apicius
436 3027 492 3056 ed.
519 3025 675 3058 Schuch.

982 2362 1053 2413 92,
1109 2360 1218 2414 31)?
1278 2386 1333 2393 —
1391 2362 1733 2407 venationis

984 2419 1131 2464 carnis
1163 2418 1335 2464 ferinae
1366 2421 1468 2464 332.
1501 2446 1555 2452 ——-

1073 2478 1134 2522 ad
1164 2478 1267 2523 345.
1301 2480 1735 2524 condimentum

985 2542 1058 2582 cst
1077 2538 1408 2592 petroselinum
1436 2539 1493 2582 56
1538 2539 1736 2583 bulliit

986 2601 1016 2649 β
1047 2597 1103 2639 Η.
1135 2596 1363 2641 bulloit
1393 2614 1429 2652 γ.
1463 2598 1562 2642 350.

1076 2655 1137 2698 ad
1168 2656 1267 2699 346.
1303 2655 1612 2702 suffundes
1645 2671 1736 2702 me-

986 2728 1084 2759 rum
1116 2716 1215 2758 337.
1251 2715 1358 2759 vino
1382 2715 1483 2759 352.
1507 2716 1737 2772 perfun—

989 2774 1088 2818 des
1121 2774 1192 2818 ed.
1231 2787 1298 2830 pr.
1342 2800 1395 2804 ——
1437 2788 1522 2831 pro
1565 2777 1738 2821 rariore

987 2846 1104 2877 voce
1162 2834 1518 2879 embambam
1573 2835 1739 2880 lacuna

990 2896 1062 2936 est
1093 2893 1139 2936 in
1172 2896 1242 2935 θκ.
1275 2892 1397 2938 forte
1430 2907 1531 2938 cum
1559 2895 1740 2951 aliquot

991 2952 1120 2996 libris
1174 2952 1381 2997 lemmati
1430 2954 1738 3007 tribuendum,

1479 3043 1528 3086 11
