2098 3470
702 327 802 374 Lib.
833 327 868 373 1.
930 326 1176 384 Epimeles.
1240 379 1251 389 ,
1669 326 1740 381 35

151 468 202 517 et
253 462 557 531 conpositas
604 460 801 530 perdes
853 461 1040 514 mirtae
1101 462 1249 515 bacis
1303 478 1423 515 cum
1476 461 1635 515 melle
1688 465 1741 513 et

148 542 320 590 acet0.
398 536 591 589 Aliter:
646 535 835 603 senapi
873 540 1129 602 tempera,
1183 535 1358 601 melle,
1413 540 1584 602 acetO,
1626 534 1740 588 sale

150 615 202 664 et
240 625 399 678 super
438 609 741 677 conpositas
780 625 939 676 rapas
978 608 1215 662 infunde.

261 686 346 738 25.
387 683 655 736 Tubera
689 687 756 734 ut
789 682 905 734 diu
938 688 1337 736 serventur:
1380 684 1571 736 tubera
1601 698 1739 749 quae

147 774 288 825 aqua
326 774 430 811 non
467 757 779 810 vexaverint
812 756 1070 824 conponis
1097 756 1151 808 in
1178 774 1273 810 vas
1301 757 1537 823 alternis,
1578 758 1736 810 alter-

146 832 228 885 nis
250 833 466 885 scobem
477 831 672 884 siccam
688 830 847 882 mittis
859 835 910 882 et
930 830 1113 898 gipsas
1131 836 1184 883 et
1202 831 1322 883 loeo
1338 829 1534 897 frigido
1550 846 1736 898 pones.

259 906 346 958 26.
389 904 737 957 Duracina
763 903 1048 972 persica
1072 909 1141 956 ut
1173 904 1292 956 diu
1326 903 1603 958 durent:
1646 904 1737 958 eli-

148 978 257 1045 gito
299 979 497 1048 optima
537 983 588 1031 et
625 977 772 1031 mitte
810 977 865 1030 in
903 977 1141 1044 muriam,
1184 983 1398 1047 postero
1441 978 1527 1031 die
1563 978 1740 1033 exime

149 1058 200 1106 et
237 1049 579 1121 spongizabis
620 1052 902 1120 diligenter
943 1056 996 1105 et
1034 1053 1323 1106 collocabis
1362 1053 1417 1105 in
1456 1069 1569 1119 vaS‚
1622 1052 1738 1106 fun-

148 1125 243 1180 des
282 1128 464 1194 salem,
504 1131 729 1193 acetum,
769 1125 1070 1182 satureiam.

261 1201 347 1254 27.
409 1200 651 1255 Olivas
702 1199 973 1254 virides
1025 1217 1313 1255 servare
1367 1206 1435 1254 ut
1487 1202 1740 1269 quovis

148 1279 463 1344 tempore
504 1275 727 1329 oleum
765 1273 1022 1328 facias:
1066 1276 1233 1329 olivas
1274 1274 1343 1329 de
1384 1276 1575 1330 arbore
1615 1276 1736 1330 sub-

149 1349 282 1402 latas
334 1349 388 1402 in
437 1348 568 1402 illud
614 1348 775 1401 mittis
817 1353 870 1402 et
909 1354 1059 1402 erunt
1096 1350 1231 1403 tales
1273 1349 1458 1418 quovis
1498 1354 1740 1420 tempore

150 1423 300 1489 quasi
339 1439 463 1475 mox
503 1423 570 1476 de
610 1425 801 1476 arbore
841 1422 1170 1492 redemptae.
1214 1423 1283 1478 de
1323 1424 1529 1492 quibuS‚
1572 1425 1616 1478 si
1649 1441 1739 1478 vo-

148 1497 325 1562 lueriS‚
369 1498 545 1550 oleum
583 1496 755 1549 viride
794 1496 980 1552 facies,
1389 1531 1397 1537 -

261 1572 347 1625 28.
388 1572 743 1638 Damascena,
792 1570 1034 1638 dactilos,
1076 1587 1206 1624 uvas
1245 1588 1453 1640 passas,
1495 1577 1739 1641 granata,

150 1703 355 1748 dicorum
372 1717 465 1748 vox
487 1708 558 1749 est
580 1708 743 1748 exacte
764 1716 895 1760 prae·

148 1775 326 1818 parare,
339 1763 572 1808 zurichten
588 1763 822 1819 (Muetzell
833 1763 895 1807 ad

150 1822 274 1866 Curt.
300 1824 342 1875 3,
369 1824 436 1875 13,
457 1823 528 1876 12)
562 1829 610 1867 et
642 1835 894 1880 coquorum

149 1894 364 1937 purgare,
406 1887 458 1926 ut
490 1882 702 1926 dixerunt
735 1895 895 1927 curare

151 1945 317 1992 cutem,
350 1941 504 1993 vitem,
541 1954 647 1985 nam
677 1941 784 1986 inde
817 1941 895 1986 de·

148 1999 326 2043 rivatur
356 1999 532 2055 hispan.
557 2014 754 2053 esem-ar,
796 2000 893 2044 ital.

152 2070 365 2114 sigmate,
412 2059 522 2115 gall.
566 2061 724 2104 ecurer
765 2072 895 2105 saeu-

153 2116 276 2161 bern.
301 2142 354 2147 -—
378 2119 539 2162 mirti
573 2122 640 2173 βγ.
666 2124 895 2176 myrtae

152 2176 197 2219 in
228 2176 431 2232 reliquis.
464 2177 526 2221 ad
559 2178 659 2222 220,

241 2235 382 2279 ad25.
405 2237 896 2293 vexaverity.edd.

152 2307 283 2338 usum
330 2295 460 2340 verbi
505 2309 598 2340 non
646 2298 897 2353 capientes.

152 2353 373 2409 Pelagon.
411 2354 479 2398 14.
523 2355 583 2401 in,
629 2369 759 2407 „cum
793 2356 900 2412 equi

153 2413 450 2457 vexaverint·‘
484 2414 512 2458 i.
532 2427 576 2470 q.
600 2415 787 2466 „vexati
804 2414 901 2460 fue-

153 2471 286 2515 rint“.
330 2472 396 2516 sic
437 2474 483 2517 vi
526 2473 744 2519 reflexiva
775 2488 903 2519 usur-

154 2534 323 2586 pantur
354 2543 429 2586 ap.
462 2531 679 2577 Nostrum
712 2533 903 2578 miniare

154 2589 250 2634 sich
274 2589 379 2634 roth
399 2588 560 2635 farben
584 2592 655 2644 60,
680 2592 905 2645 colorare,

154 2649 349 2701 mollire,
383 2663 582 2706 coquere
616 2626 714 2695 2'78.

243 2708 304 2752 ad
348 2709 417 2752 26.
462 2708 814 2766 sfongiabis
857 2715 905 2756 et

155 2766 396 2824 sphong
428 2769 564 2813 codd.
582 2765 791 2826 praefixa
812 2771 905 2815 Ita-

156 2825 303 2871 lorum
346 2840 403 2871 ex
442 2842 569 2874 more
610 2829 747 2874 litera
776 2829 806 2875 i.
839 2830 906 2874 sic

157 2882 383 2989 {ffnffllus
426 2891 473 2932 et
511 2887 706 2944 sphond.
740 2889 801 2934 al.
845 2888 902 2934 cf.

1075 1703 1137 1748 ad
1170 1705 1241 1749 27.
1274 1705 1330 1748 in
1372 1704 1531 1749 illud
1564 1704 1732 1751 oleum.
1762 1757 1765 1759 ,

987 1775 1070 1808 eac
1111 1763 1264 1808 olivae
1307 1763 1413 1808 oleo
1460 1778 1544 1809 suo
1590 1778 1735 1821 purae

988 1835 1106 1880 quae
1158 1823 1370 1867 innatant
1433 1824 1736 1881 colymbades

987 1883 1120 1939 quasi
1151 1888 1272 1934 sunt,
1320 1882 1437 1927 Plin.
1475 1885 1543 1936 15,
1580 1884 1647 1927 16.
1683 1908 1737 1915 —-

986 1942 1232 1987 viridem
1275 1940 1364 1986 hoc
1401 1942 1507 1987 loco
1552 1947 1603 1987 ut
1635 1943 1739 1987 aliis

986 2000 1170 2057 plurimi
1210 2002 1334 2058 iique
1382 2002 1546 2057 optimi
1603 2002 1738 2048 codd.

986 2065 1146 2105 tenent
1187 2066 1239 2104 ut
1281 2061 1602 2113 „corlandrum
1636 2061 1742 2106 viri-

988 2119 1092 2164 dem
1134 2119 1291 2164 multis
1335 2120 1464 2164 locis.
1509 2123 1577 2164 sic
1609 2120 1742 2177 „pul-

987 2179 1263 2223 mentarium
1326 2178 1611 2225 ferventem“
1671 2180 1741 2223 62.

994 2239 1149 2290 „iecur
1182 2243 1314 2283 eum“
1347 2239 1418 2283 40.
1463 2239 1742 2296 „coagulum

990 2303 1121 2342 eum“
1165 2297 1267 2342 304.
1311 2311 1569 2355 oxygarum
1616 2299 1744 2355 dige-

991 2357 1193 2402 stibilem
1225 2357 1297 2402 35.
1330 2370 1456 2403 mare
1488 2357 1745 2403 ferventem

994 2429 1066 2472 ap.
1099 2415 1242 2461 Aeth.
1286 2416 1390 2461 Istr.
1423 2417 1496 2463 66.
1541 2417 1745 2470 „undan-

995 2480 1091 2520 tem
1123 2476 1300 2520 salum“
1334 2489 1407 2532 ap.
1442 2477 1561 2521 alios
1580 2482 1628 2522 et
1644 2477 1745 2522 sim.

994 2535 1061 2579 sic
1108 2535 1254 2579 collus
1303 2536 1382 2591 (ad
1431 2535 1606 2592 Gargil.
1650 2550 1744 2581 cur.

994 2593 1136 2639 boum
1171 2595 1260 2644 10.)
1310 2595 1456 2639 vinus.
1506 2596 1598 2640 isto
1632 2600 1745 2640 tem-

995 2666 1109 2709 pore
1156 2667 1302 2710 genus
1349 2654 1598 2699 multorum
1641 2655 1747 2699 sub-

995 2712 1303 2757 stantivoium
1323 2714 1548 2759 variabat.
1568 2713 1624 2759 cf.
1644 2714 1749 2759 Tei-

995 2771 1072 2828 pel
1104 2771 1150 2815 in
1181 2772 1394 2818 Zeitschr.
1428 2772 1459 2818 f.
1478 2773 1520 2818 (1.
1538 2773 1747 2819 Alterth.

998 2831 1127 2875 1842.
1160 2845 1204 2888 p.
1239 2833 1309 2878 65.

1086 2890 1147 2935 ad
1179 2891 1251 2937 28.
1285 2897 1357 2938 est
1389 2905 1446 2937 ex
1474 2892 1635 2939 codice
1657 2893 1748 2938 sal-

998 2962 1110 2995 mas.
