<?xml version="1.0" encoding="UTF-8"?>
<!DOCTYPE html PUBLIC "-//W3C//DTD XHTML 1.0 Transitional//EN"
    "http://www.w3.org/TR/xhtml1/DTD/xhtml1-transitional.dtd">
<html xmlns="http://www.w3.org/1999/xhtml" xml:lang="en" lang="en">
 <head>
  <title>
</title>
<meta http-equiv="Content-Type" content="text/html;charset=utf-8" />
  <meta name='ocr-system' content='tesseract 3.04.00' />
  <meta name='ocr-capabilities' content='ocr_page ocr_carea ocr_par ocr_line ocrx_word'/>
</head>
<body>
  <div class='ocr_page' id='page_1' title='image "apicicaelidereco00apicrich_0064.png"; bbox 0 0 2098 3470; ppageno 0'>
   <div class='ocr_carea' id='block_1_1' title="bbox 379 291 1419 367">
    <p class='ocr_par' dir='ltr' id='par_1_1' title="bbox 379 291 1419 367">
     <span class='ocr_line' id='line_1_1' title="bbox 379 291 1419 367; baseline 0.009 -24"><span class='ocrx_word' id='word_1_1' title='bbox 379 291 448 356; x_wconf 70' lang='lat'>58</span> <span class='ocrx_word' id='word_1_2' title='bbox 916 306 1018 352; x_wconf 89' lang='lat' dir='ltr'><strong>Lib.</strong></span> <span class='ocrx_word' id='word_1_3' title='bbox 1052 307 1132 354; x_wconf 87' lang='lat'>111.</span> <span class='ocrx_word' id='word_1_4' title='bbox 1199 307 1419 367; x_wconf 82' lang='lat' dir='ltr'>Oepuros.</span> 
     </span>
    </p>
   </div>
   <div class='ocr_carea' id='block_1_2' title="bbox 373 436 1970 1619">
    <p class='ocr_par' dir='ltr' id='par_1_2' title="bbox 383 436 1967 582">
     <span class='ocr_line' id='line_1_2' title="bbox 496 436 1967 509; baseline 0.004 -19"><span class='ocrx_word' id='word_1_5' title='bbox 496 436 523 489; x_wconf 93' lang='lat'><strong>7</strong></span> <span class='ocrx_word' id='word_1_6' title='bbox 533 436 582 491; x_wconf 74' lang='grc' dir='ltr'><strong>ὃ.</strong></span> <span class='ocrx_word' id='word_1_7' title='bbox 626 437 945 492; x_wconf 82' lang='lat' dir='ltr'>Citrium:</span> <span class='ocrx_word' id='word_1_8' title='bbox 987 440 1051 493; x_wconf 89' lang='lat' dir='ltr'>sil</span> <span class='ocrx_word' id='word_1_9' title='bbox 1084 445 1405 508; x_wconf 81' lang='lat' dir='ltr'>montanum,</span> <span class='ocrx_word' id='word_1_10' title='bbox 1450 440 1565 509; x_wconf 84' lang='lat' dir='ltr'>silfi,</span> <span class='ocrx_word' id='word_1_11' title='bbox 1605 447 1838 497; x_wconf 81' lang='lat' dir='ltr'>mentam</span> <span class='ocrx_word' id='word_1_12' title='bbox 1870 442 1967 497; x_wconf 80' lang='lat' dir='ltr'>sic-</span> 
     </span>
     <span class='ocr_line' id='line_1_3' title="bbox 383 514 1103 582; baseline 0.004 -17"><span class='ocrx_word' id='word_1_13' title='bbox 383 526 514 577; x_wconf 81' lang='lat' dir='ltr'>cam,</span> <span class='ocrx_word' id='word_1_14' title='bbox 557 517 783 579; x_wconf 88' lang='lat' dir='ltr'>acetum,</span> <span class='ocrx_word' id='word_1_15' title='bbox 823 514 1103 582; x_wconf 71' lang='lat' dir='ltr'>liquamen.</span> 
     </span>
    </p>

    <p class='ocr_par' dir='ltr' id='par_1_3' title="bbox 381 586 1967 790">
     <span class='ocr_line' id='line_1_4' title="bbox 495 586 1967 643; baseline 0.003 -5"><span class='ocrx_word' id='word_1_16' title='bbox 495 586 579 639; x_wconf 87' lang='lat'>76.</span> <span class='ocrx_word' id='word_1_17' title='bbox 626 586 1072 642; x_wconf 83' lang='lat' dir='ltr'>Cucumeres:</span> <span class='ocrx_word' id='word_1_18' title='bbox 1116 604 1423 642; x_wconf 73' lang='lat' dir='ltr'>cucumeres</span> <span class='ocrx_word' id='word_1_19' title='bbox 1464 606 1612 642; x_wconf 88' lang='lat' dir='ltr'>rasos</span> <span class='ocrx_word' id='word_1_20' title='bbox 1653 589 1765 643; x_wconf 84' lang='lat' dir='ltr'>sive</span> <span class='ocrx_word' id='word_1_21' title='bbox 1807 607 1871 643; x_wconf 84' lang='lat' dir='ltr'>ex</span> <span class='ocrx_word' id='word_1_22' title='bbox 1911 590 1967 643; x_wconf 83' lang='lat' dir='ltr'>li-</span> 
     </span>
     <span class='ocr_line' id='line_1_5' title="bbox 382 661 1967 731; baseline 0.005 -22"><span class='ocrx_word' id='word_1_23' title='bbox 382 661 624 723; x_wconf 89' lang='lat' dir='ltr'>quamine</span> <span class='ocrx_word' id='word_1_24' title='bbox 679 662 790 715; x_wconf 88' lang='lat' dir='ltr'>sive</span> <span class='ocrx_word' id='word_1_25' title='bbox 841 679 909 714; x_wconf 83' lang='lat' dir='ltr'>ex</span> <span class='ocrx_word' id='word_1_26' title='bbox 963 679 1252 729; x_wconf 76' lang='lat' dir='ltr'>cenogarc.</span> <span class='ocrx_word' id='word_1_27' title='bbox 1305 664 1418 716; x_wconf 89' lang='lat' dir='ltr'>sinc</span> <span class='ocrx_word' id='word_1_28' title='bbox 1457 670 1606 718; x_wconf 86' lang='lat' dir='ltr'>ructu</span> <span class='ocrx_word' id='word_1_29' title='bbox 1647 669 1699 716; x_wconf 92' lang='lat' dir='ltr'>et</span> <span class='ocrx_word' id='word_1_30' title='bbox 1738 664 1967 731; x_wconf 81' lang='lat' dir='ltr'>gravitu-</span> 
     </span>
     <span class='ocr_line' id='line_1_6' title="bbox 381 731 1178 790; baseline 0.008 -6"><span class='ocrx_word' id='word_1_31' title='bbox 381 731 504 787; x_wconf 91' lang='lat' dir='ltr'>dine</span> <span class='ocrx_word' id='word_1_32' title='bbox 547 739 599 788; x_wconf 90' lang='lat' dir='ltr'>et</span> <span class='ocrx_word' id='word_1_33' title='bbox 636 737 926 789; x_wconf 77' lang='lat' dir='ltr'>teneriores</span> <span class='ocrx_word' id='word_1_34' title='bbox 967 737 1178 790; x_wconf 70' lang='lat' dir='ltr'>senties</span> 
     </span>
    </p>

    <p class='ocr_par' dir='ltr' id='par_1_4' title="bbox 376 808 1970 1085">
     <span class='ocr_line' id='line_1_7' title="bbox 493 808 1966 866; baseline 0.004 -7"><span class='ocrx_word' id='word_1_35' title='bbox 493 808 576 860; x_wconf 91' lang='lat'>77.</span> <span class='ocrx_word' id='word_1_36' title='bbox 619 810 786 863; x_wconf 82' lang='lat' dir='ltr'>Aliter</span> <span class='ocrx_word' id='word_1_37' title='bbox 827 827 1165 864; x_wconf 74' lang='lat' dir='ltr'>cucumeres:</span> <span class='ocrx_word' id='word_1_38' title='bbox 1208 826 1357 863; x_wconf 86' lang='lat' dir='ltr'>rasos</span> <span class='ocrx_word' id='word_1_39' title='bbox 1400 811 1622 865; x_wconf 81' lang='lat' dir='ltr'>elixabis</span> <span class='ocrx_word' id='word_1_40' title='bbox 1665 829 1783 864; x_wconf 89' lang='lat' dir='ltr'>cum</span> <span class='ocrx_word' id='word_1_41' title='bbox 1823 829 1966 866; x_wconf 82' lang='lat' dir='ltr'>cere-</span> 
     </span>
     <span class='ocr_line' id='line_1_8' title="bbox 378 880 1967 954; baseline 0.004 -22"><span class='ocrx_word' id='word_1_42' title='bbox 378 880 530 934; x_wconf 78' lang='lat' dir='ltr'>bellis</span> <span class='ocrx_word' id='word_1_43' title='bbox 585 884 753 951; x_wconf 78' lang='lat' dir='ltr'>elixis,</span> <span class='ocrx_word' id='word_1_44' title='bbox 810 884 1000 937; x_wconf 88' lang='lat' dir='ltr'>cimino</span> <span class='ocrx_word' id='word_1_45' title='bbox 1056 889 1108 938; x_wconf 91' lang='lat' dir='ltr'>et</span> <span class='ocrx_word' id='word_1_46' title='bbox 1159 886 1333 950; x_wconf 86' lang='lat' dir='ltr'>melle,</span> <span class='ocrx_word' id='word_1_47' title='bbox 1388 885 1598 939; x_wconf 87' lang='lat' dir='ltr'>modico</span> <span class='ocrx_word' id='word_1_48' title='bbox 1639 886 1727 954; x_wconf 84' lang='lat' dir='ltr'>api</span> <span class='ocrx_word' id='word_1_49' title='bbox 1768 903 1967 952; x_wconf 90' lang='lat' dir='ltr'>semen,</span> 
     </span>
     <span class='ocr_line' id='line_1_9' title="bbox 376 953 1970 1029; baseline 0.006 -25"><span class='ocrx_word' id='word_1_50' title='bbox 376 953 663 1021; x_wconf 85' lang='lat' dir='ltr'>liquamine</span> <span class='ocrx_word' id='word_1_51' title='bbox 704 963 756 1013; x_wconf 89' lang='lat' dir='ltr'>et</span> <span class='ocrx_word' id='word_1_52' title='bbox 796 959 933 1025; x_wconf 88' lang='lat' dir='ltr'>clec,</span> <span class='ocrx_word' id='word_1_53' title='bbox 978 959 1092 1012; x_wconf 88' lang='lat' dir='ltr'>ovis</span> <span class='ocrx_word' id='word_1_54' title='bbox 1134 959 1412 1027; x_wconf 77' lang='lat' dir='ltr'>obligabis,</span> <span class='ocrx_word' id='word_1_55' title='bbox 1450 960 1605 1029; x_wconf 89' lang='lat' dir='ltr'>piper</span> <span class='ocrx_word' id='word_1_56' title='bbox 1637 960 1882 1029; x_wconf 78' lang='lat' dir='ltr'>aspargis</span> <span class='ocrx_word' id='word_1_57' title='bbox 1918 965 1970 1014; x_wconf 86' lang='lat' dir='ltr'>et</span> 
     </span>
     <span class='ocr_line' id='line_1_10' title="bbox 376 1028 592 1085; baseline 0.023 -5"><span class='ocrx_word' id='word_1_58' title='bbox 376 1028 592 1085; x_wconf 80' lang='lat' dir='ltr'>inferes,</span> 
     </span>
    </p>

    <p class='ocr_par' dir='ltr' id='par_1_5' title="bbox 375 1105 1968 1305">
     <span class='ocr_line' id='line_1_11' title="bbox 490 1105 1968 1174; baseline 0.003 -17"><span class='ocrx_word' id='word_1_59' title='bbox 490 1105 575 1157; x_wconf 92' lang='lat'>78.</span> <span class='ocrx_word' id='word_1_60' title='bbox 618 1107 785 1160; x_wconf 84' lang='lat' dir='ltr'>Aliter</span> <span class='ocrx_word' id='word_1_61' title='bbox 825 1123 1160 1160; x_wconf 86' lang='lat' dir='ltr'>cucumeres:</span> <span class='ocrx_word' id='word_1_62' title='bbox 1215 1106 1387 1174; x_wconf 83' lang='lat' dir='ltr'>piper,</span> <span class='ocrx_word' id='word_1_63' title='bbox 1439 1107 1689 1174; x_wconf 88' lang='lat' dir='ltr'>puleium,</span> <span class='ocrx_word' id='word_1_64' title='bbox 1741 1108 1846 1160; x_wconf 90' lang='lat' dir='ltr'>mel</span> <span class='ocrx_word' id='word_1_65' title='bbox 1884 1109 1968 1161; x_wconf 90' lang='lat' dir='ltr'>vel</span> 
     </span>
     <span class='ocr_line' id='line_1_12' title="bbox 375 1180 1968 1249; baseline 0.004 -20"><span class='ocrx_word' id='word_1_66' title='bbox 375 1192 612 1247; x_wconf 89' lang='lat' dir='ltr'>passum,</span> <span class='ocrx_word' id='word_1_67' title='bbox 654 1181 922 1249; x_wconf 81' lang='lat' dir='ltr'>liquamen</span> <span class='ocrx_word' id='word_1_68' title='bbox 966 1187 1016 1235; x_wconf 88' lang='lat' dir='ltr'>et</span> <span class='ocrx_word' id='word_1_69' title='bbox 1058 1185 1282 1247; x_wconf 87' lang='lat' dir='ltr'>acetum,</span> <span class='ocrx_word' id='word_1_70' title='bbox 1336 1180 1599 1234; x_wconf 88' lang='lat' dir='ltr'>interdum</span> <span class='ocrx_word' id='word_1_71' title='bbox 1654 1186 1704 1235; x_wconf 92' lang='lat' dir='ltr'>et</span> <span class='ocrx_word' id='word_1_72' title='bbox 1743 1181 1842 1234; x_wconf 84' lang='lat' dir='ltr'>silfi</span> <span class='ocrx_word' id='word_1_73' title='bbox 1882 1199 1968 1236; x_wconf 89' lang='lat' dir='ltr'>ac-</span> 
     </span>
     <span class='ocr_line' id='line_1_13' title="bbox 378 1251 532 1305; baseline -0.006 0"><span class='ocrx_word' id='word_1_74' title='bbox 378 1251 532 1305; x_wconf 84' lang='lat' dir='ltr'>cedit.</span> 
     </span>
    </p>

    <p class='ocr_par' dir='ltr' id='par_1_6' title="bbox 373 1328 1969 1529">
     <span class='ocr_line' id='line_1_14' title="bbox 488 1328 1966 1397; baseline 0.002 -18"><span class='ocrx_word' id='word_1_75' title='bbox 488 1328 573 1379; x_wconf 81' lang='lat'>79.</span> <span class='ocrx_word' id='word_1_76' title='bbox 635 1328 947 1395; x_wconf 87' lang='lat' dir='ltr'>Pepones</span> <span class='ocrx_word' id='word_1_77' title='bbox 1002 1332 1066 1381; x_wconf 91' lang='lat' dir='ltr'>et</span> <span class='ocrx_word' id='word_1_78' title='bbox 1104 1328 1445 1380; x_wconf 87' lang='lat' dir='ltr'>melones:</span> <span class='ocrx_word' id='word_1_79' title='bbox 1506 1328 1676 1396; x_wconf 86' lang='lat' dir='ltr'>piper,</span> <span class='ocrx_word' id='word_1_80' title='bbox 1718 1330 1966 1397; x_wconf 87' lang='lat' dir='ltr'>puleium,</span> 
     </span>
     <span class='ocr_line' id='line_1_15' title="bbox 375 1400 1969 1470; baseline 0.005 -20"><span class='ocrx_word' id='word_1_81' title='bbox 375 1400 480 1452; x_wconf 87' lang='lat' dir='ltr'>mel</span> <span class='ocrx_word' id='word_1_82' title='bbox 538 1402 623 1454; x_wconf 88' lang='lat' dir='ltr'>vel</span> <span class='ocrx_word' id='word_1_83' title='bbox 683 1419 917 1470; x_wconf 86' lang='lat' dir='ltr'>passum,</span> <span class='ocrx_word' id='word_1_84' title='bbox 979 1402 1262 1469; x_wconf 82' lang='lat' dir='ltr'>liquamen,</span> <span class='ocrx_word' id='word_1_85' title='bbox 1323 1407 1547 1470; x_wconf 86' lang='lat' dir='ltr'>acetum,</span> <span class='ocrx_word' id='word_1_86' title='bbox 1607 1403 1868 1456; x_wconf 85' lang='lat' dir='ltr'>interdum</span> <span class='ocrx_word' id='word_1_87' title='bbox 1917 1410 1969 1458; x_wconf 85' lang='lat' dir='ltr'>et</span> 
     </span>
     <span class='ocr_line' id='line_1_16' title="bbox 373 1473 737 1529; baseline 0 -2"><span class='ocrx_word' id='word_1_88' title='bbox 373 1473 471 1527; x_wconf 83' lang='lat' dir='ltr'>silfl</span> <span class='ocrx_word' id='word_1_89' title='bbox 513 1476 737 1529; x_wconf 89' lang='lat' dir='ltr'>accedit.</span> 
     </span>
    </p>

    <p class='ocr_par' dir='ltr' id='par_1_7' title="bbox 487 1550 1964 1619">
     <span class='ocr_line' id='line_1_17' title="bbox 487 1550 1964 1619; baseline 0.002 -15"><span class='ocrx_word' id='word_1_90' title='bbox 487 1550 572 1604; x_wconf 86' lang='lat'>80.</span> <span class='ocrx_word' id='word_1_91' title='bbox 615 1551 913 1604; x_wconf 88' lang='lat' dir='ltr'>Malvas:</span> <span class='ocrx_word' id='word_1_92' title='bbox 965 1550 1168 1603; x_wconf 85' lang='lat' dir='ltr'>malvas</span> <span class='ocrx_word' id='word_1_93' title='bbox 1209 1550 1439 1604; x_wconf 85' lang='lat' dir='ltr'>minores</span> <span class='ocrx_word' id='word_1_94' title='bbox 1482 1550 1548 1604; x_wconf 84' lang='lat' dir='ltr'>de</span> <span class='ocrx_word' id='word_1_95' title='bbox 1590 1568 1757 1619; x_wconf 81' lang='lat' dir='ltr'>grano</span> <span class='ocrx_word' id='word_1_96' title='bbox 1801 1570 1868 1606; x_wconf 80' lang='lat' dir='ltr'>ex</span> <span class='ocrx_word' id='word_1_97' title='bbox 1906 1554 1964 1607; x_wconf 90' lang='lat' dir='ltr'>li-</span> 
     </span>
    </p>
   </div>
   <div class='ocr_carea' id='block_1_3' title="bbox 1203 1700 1964 1996">
    <p class='ocr_par' dir='ltr' id='par_1_8' title="bbox 1216 1700 1964 1816">
     <span class='ocr_line' id='line_1_18' title="bbox 1305 1700 1964 1748; baseline 0.008 -5"><span class='ocrx_word' id='word_1_98' title='bbox 1305 1700 1366 1743; x_wconf 88' lang='lat' dir='ltr'>ad</span> <span class='ocrx_word' id='word_1_99' title='bbox 1401 1702 1467 1744; x_wconf 90' lang='grc'>76.</span> <span class='ocrx_word' id='word_1_100' title='bbox 1523 1704 1579 1745; x_wconf 88' lang='lat' dir='ltr'>et</span> <span class='ocrx_word' id='word_1_101' title='bbox 1620 1714 1649 1745; x_wconf 87' lang='lat' dir='ltr'>a</span> <span class='ocrx_word' id='word_1_102' title='bbox 1693 1702 1852 1747; x_wconf 88' lang='lat' dir='ltr'>vicinis</span> <span class='ocrx_word' id='word_1_103' title='bbox 1885 1702 1964 1748; x_wconf 88' lang='lat' dir='ltr'>ab·</span> 
     </span>
     <span class='ocr_line' id='line_1_19' title="bbox 1216 1760 1635 1816; baseline -0.002 -11"><span class='ocrx_word' id='word_1_104' title='bbox 1216 1765 1425 1816; x_wconf 86' lang='lat' dir='ltr'>sorptum</span> <span class='ocrx_word' id='word_1_105' title='bbox 1459 1760 1635 1805; x_wconf 86' lang='lat' dir='ltr'>addidi.</span> 
     </span>
    </p>

    <p class='ocr_par' dir='ltr' id='par_1_9' title="bbox 1203 1820 1964 1996">
     <span class='ocr_line' id='line_1_20' title="bbox 1305 1820 1964 1865; baseline 0.003 -3"><span class='ocrx_word' id='word_1_106' title='bbox 1305 1820 1366 1863; x_wconf 83' lang='lat' dir='ltr'>ad</span> <span class='ocrx_word' id='word_1_107' title='bbox 1402 1821 1468 1863; x_wconf 93' lang='lat'>77.</span> <span class='ocrx_word' id='word_1_108' title='bbox 1515 1821 1752 1865; x_wconf 88' lang='lat' dir='ltr'>modico</span> <span class='ocrx_word' id='word_1_109' title='bbox 1785 1821 1964 1865; x_wconf 82' lang='lat' dir='ltr'>seiunxi</span> 
     </span>
     <span class='ocr_line' id='line_1_21' title="bbox 1215 1879 1963 1935; baseline 0.003 -13"><span class='ocrx_word' id='word_1_110' title='bbox 1215 1892 1242 1922; x_wconf 89' lang='lat' dir='ltr'>a</span> <span class='ocrx_word' id='word_1_111' title='bbox 1277 1879 1482 1931; x_wconf 87' lang='lat' dir='ltr'>„melle“,</span> <span class='ocrx_word' id='word_1_112' title='bbox 1515 1885 1567 1923; x_wconf 88' lang='lat' dir='ltr'>ut</span> <span class='ocrx_word' id='word_1_113' title='bbox 1598 1880 1658 1924; x_wconf 88' lang='lat' dir='ltr'>sit</span> <span class='ocrx_word' id='word_1_114' title='bbox 1704 1885 1838 1935; x_wconf 78' lang='lat' dir='ltr'>„post</span> <span class='ocrx_word' id='word_1_115' title='bbox 1870 1894 1963 1924; x_wconf 74' lang='lat' dir='ltr'>mo:</span> 
     </span>
     <span class='ocr_line' id='line_1_22' title="bbox 1203 1939 1961 1996; baseline 0.001 -14"><span class='ocrx_word' id='word_1_116' title='bbox 1203 1939 1393 1995; x_wconf 44' lang='lat' dir='ltr'>‘dicunn‘</span> <span class='ocrx_word' id='word_1_117' title='bbox 1443 1939 1664 1996; x_wconf 78' lang='lat' dir='ltr'>Pelagon.</span> <span class='ocrx_word' id='word_1_118' title='bbox 1713 1941 1752 1983; x_wconf 82' lang='lat'>5.</span> <span class='ocrx_word' id='word_1_119' title='bbox 1801 1953 1844 1995; x_wconf 86' lang='lat' dir='ltr'>p.</span> <span class='ocrx_word' id='word_1_120' title='bbox 1890 1940 1961 1983; x_wconf 87' lang='lat'>27.</span> 
     </span>
    </p>
   </div>
   <div class='ocr_carea' id='block_1_4' title="bbox 372 1697 1126 1982">
    <p class='ocr_par' dir='ltr' id='par_1_10' title="bbox 372 1697 1126 1862">
     <span class='ocr_line' id='line_1_23' title="bbox 374 1697 1126 1750; baseline 0.001 -8"><span class='ocrx_word' id='word_1_121' title='bbox 374 1697 500 1742; x_wconf 89' lang='lat' dir='ltr'>bitur</span> <span class='ocrx_word' id='word_1_122' title='bbox 545 1698 866 1750; x_wconf 83' lang='lat' dir='ltr'>calamentum,</span> <span class='ocrx_word' id='word_1_123' title='bbox 911 1700 1126 1743; x_wconf 85' lang='lat' dir='ltr'>calamin-</span> 
     </span>
     <span class='ocr_line' id='line_1_24' title="bbox 375 1757 1124 1818; baseline 0.004 -18"><span class='ocrx_word' id='word_1_124' title='bbox 375 1757 519 1810; x_wconf 85' lang='lat' dir='ltr'>thum,</span> <span class='ocrx_word' id='word_1_125' title='bbox 556 1758 849 1811; x_wconf 87' lang='lat' dir='ltr'>calaminthe,</span> <span class='ocrx_word' id='word_1_126' title='bbox 870 1759 1124 1818; x_wconf 85' lang='lat' dir='ltr'>bisamthy-</span> 
     </span>
     <span class='ocr_line' id='line_1_25' title="bbox 372 1818 532 1862; baseline 0.006 -2"><span class='ocrx_word' id='word_1_127' title='bbox 372 1818 532 1862; x_wconf 83' lang='lat' dir='ltr'>mian?</span> 
     </span>
    </p>

    <p class='ocr_par' dir='ltr' id='par_1_11' title="bbox 373 1877 1125 1982">
     <span class='ocr_line' id='line_1_26' title="bbox 463 1877 1125 1930; baseline 0.003 -9"><span class='ocrx_word' id='word_1_128' title='bbox 463 1877 524 1921; x_wconf 86' lang='lat' dir='ltr'>ad</span> <span class='ocrx_word' id='word_1_129' title='bbox 563 1878 631 1921; x_wconf 83' lang='lat'>75.</span> <span class='ocrx_word' id='word_1_130' title='bbox 685 1879 872 1923; x_wconf 86' lang='lat' dir='ltr'>Lemma</span> <span class='ocrx_word' id='word_1_131' title='bbox 914 1879 959 1922; x_wconf 89' lang='lat' dir='ltr'>in</span> <span class='ocrx_word' id='word_1_132' title='bbox 991 1883 1022 1930; x_wconf 78' lang='grc' dir='ltr'>β</span> <span class='ocrx_word' id='word_1_133' title='bbox 1053 1883 1125 1923; x_wconf 88' lang='lat' dir='ltr'>est</span> 
     </span>
     <span class='ocr_line' id='line_1_27' title="bbox 373 1936 1123 1982; baseline 0.001 -2"><span class='ocrx_word' id='word_1_134' title='bbox 373 1936 671 1982; x_wconf 86' lang='lat' dir='ltr'>citrinum.</span> <span class='ocrx_word' id='word_1_135' title='bbox 717 1939 848 1982; x_wconf 91' lang='lat' dir='ltr'>Hum.</span> <span class='ocrx_word' id='word_1_136' title='bbox 895 1952 1007 1982; x_wconf 88' lang='lat' dir='ltr'>corr.</span> <span class='ocrx_word' id='word_1_137' title='bbox 1045 1939 1123 1982; x_wconf 87' lang='lat' dir='ltr'>ci-</span> 
     </span>
    </p>
   </div>
   <div class='ocr_carea' id='block_1_5' title="bbox 360 1997 1122 3000">
    <p class='ocr_par' dir='ltr' id='par_1_12' title="bbox 360 1997 1122 3000">
     <span class='ocr_line' id='line_1_28' title="bbox 368 1997 1122 2048; baseline 0.003 -10"><span class='ocrx_word' id='word_1_138' title='bbox 368 1997 536 2040; x_wconf 82' lang='lat' dir='ltr'>trini.</span> <span class='ocrx_word' id='word_1_139' title='bbox 588 2011 800 2042; x_wconf 90' lang='lat' dir='ltr'>cucumes</span> <span class='ocrx_word' id='word_1_140' title='bbox 850 1998 1014 2048; x_wconf 88' lang='lat' dir='ltr'>citrini,</span> <span class='ocrx_word' id='word_1_141' title='bbox 1064 1998 1122 2040; x_wconf 94' lang='lat' dir='ltr'>ci-</span> 
     </span>
     <span class='ocr_line' id='line_1_29' title="bbox 370 2056 1122 2112; baseline 0.004 -15"><span class='ocrx_word' id='word_1_142' title='bbox 370 2056 734 2112; x_wconf 80' lang='lat' dir='ltr'>tronengurken‚</span> <span class='ocrx_word' id='word_1_143' title='bbox 782 2071 874 2101; x_wconf 90' lang='lat' dir='ltr'>non</span> <span class='ocrx_word' id='word_1_144' title='bbox 915 2057 1122 2101; x_wconf 88' lang='lat' dir='ltr'>cucurbi-</span> 
     </span>
     <span class='ocr_line' id='line_1_30' title="bbox 369 2116 1121 2161; baseline 0.004 -4"><span class='ocrx_word' id='word_1_145' title='bbox 369 2118 445 2158; x_wconf 86' lang='lat' dir='ltr'>tae</span> <span class='ocrx_word' id='word_1_146' title='bbox 495 2116 665 2160; x_wconf 87' lang='lat' dir='ltr'>citrulli</span> <span class='ocrx_word' id='word_1_147' title='bbox 708 2118 756 2160; x_wconf 94' lang='lat' dir='ltr'>L.</span> <span class='ocrx_word' id='word_1_148' title='bbox 806 2116 1121 2161; x_wconf 88' lang='lat' dir='ltr'>wassermelo-</span> 
     </span>
     <span class='ocr_line' id='line_1_31' title="bbox 369 2174 1119 2230; baseline 0.001 -13"><span class='ocrx_word' id='word_1_149' title='bbox 369 2187 472 2225; x_wconf 86' lang='lat' dir='ltr'>nen,</span> <span class='ocrx_word' id='word_1_150' title='bbox 507 2175 647 2220; x_wconf 89' lang='lat' dir='ltr'>hodie</span> <span class='ocrx_word' id='word_1_151' title='bbox 680 2175 931 2230; x_wconf 81' lang='grc' dir='ltr'><strong>καρπούσια.</strong></span> <span class='ocrx_word' id='word_1_152' title='bbox 966 2174 1022 2219; x_wconf 90' lang='lat' dir='ltr'>cf.</span> <span class='ocrx_word' id='word_1_153' title='bbox 1050 2177 1119 2218; x_wconf 88' lang='lat'>21.</span> 
     </span>
     <span class='ocr_line' id='line_1_32' title="bbox 368 2234 1120 2289; baseline 0.004 -14"><span class='ocrx_word' id='word_1_154' title='bbox 368 2234 469 2277; x_wconf 84' lang='lat'>175.</span> <span class='ocrx_word' id='word_1_155' title='bbox 505 2234 552 2278; x_wconf 82' lang='lat' dir='ltr'>O.</span> <span class='ocrx_word' id='word_1_156' title='bbox 581 2235 757 2279; x_wconf 86' lang='lat' dir='ltr'>Gesner</span> <span class='ocrx_word' id='word_1_157' title='bbox 787 2236 833 2279; x_wconf 89' lang='lat' dir='ltr'>in</span> <span class='ocrx_word' id='word_1_158' title='bbox 866 2248 1010 2289; x_wconf 83' lang='lat' dir='ltr'>marg.</span> <span class='ocrx_word' id='word_1_159' title='bbox 1046 2248 1120 2278; x_wconf 85' lang='lat' dir='ltr'>ex-</span> 
     </span>
     <span class='ocr_line' id='line_1_33' title="bbox 365 2292 1119 2350; baseline 0.004 -15"><span class='ocrx_word' id='word_1_160' title='bbox 365 2292 525 2347; x_wconf 85' lang='lat' dir='ltr'>plicat.</span> <span class='ocrx_word' id='word_1_161' title='bbox 564 2295 846 2346; x_wconf 82' lang='lat' dir='ltr'>„citrullus“‚</span> <span class='ocrx_word' id='word_1_162' title='bbox 881 2294 1007 2350; x_wconf 84' lang='lat' dir='ltr'>quod</span> <span class='ocrx_word' id='word_1_163' title='bbox 1038 2307 1119 2338; x_wconf 92' lang='lat' dir='ltr'>no-</span> 
     </span>
     <span class='ocr_line' id='line_1_34' title="bbox 365 2352 1121 2397; baseline 0.003 -3"><span class='ocrx_word' id='word_1_164' title='bbox 365 2365 469 2395; x_wconf 89' lang='lat' dir='ltr'>men</span> <span class='ocrx_word' id='word_1_165' title='bbox 505 2352 806 2397; x_wconf 83' lang='lat' dir='ltr'>derivandum</span> <span class='ocrx_word' id='word_1_166' title='bbox 840 2366 868 2396; x_wconf 88' lang='lat' dir='ltr'>a</span> <span class='ocrx_word' id='word_1_167' title='bbox 901 2354 1045 2397; x_wconf 86' lang='lat' dir='ltr'>citreo</span> <span class='ocrx_word' id='word_1_168' title='bbox 1066 2358 1121 2396; x_wconf 54' lang='lat' dir='ltr'>‘et</span> 
     </span>
     <span class='ocr_line' id='line_1_35' title="bbox 366 2411 1118 2467; baseline 0.001 -14"><span class='ocrx_word' id='word_1_169' title='bbox 366 2411 411 2453; x_wconf 91' lang='lat' dir='ltr'>in</span> <span class='ocrx_word' id='word_1_170' title='bbox 447 2411 543 2454; x_wconf 89' lang='lat' dir='ltr'>ital.</span> <span class='ocrx_word' id='word_1_171' title='bbox 580 2413 777 2463; x_wconf 66' lang='lat' dir='ltr'>citrium,</span> <span class='ocrx_word' id='word_1_172' title='bbox 811 2412 974 2467; x_wconf 73' lang='lat' dir='ltr'>gui-ke,</span> <span class='ocrx_word' id='word_1_173' title='bbox 1009 2413 1118 2455; x_wconf 89' lang='lat' dir='ltr'>etin</span> 
     </span>
     <span class='ocr_line' id='line_1_36' title="bbox 366 2470 1116 2525; baseline 0.004 -14"><span class='ocrx_word' id='word_1_174' title='bbox 366 2470 517 2525; x_wconf 83' lang='lat' dir='ltr'>gallic.</span> <span class='ocrx_word' id='word_1_175' title='bbox 554 2471 797 2521; x_wconf 74' lang='lat' dir='ltr'>citi-ouille,</span> <span class='ocrx_word' id='word_1_176' title='bbox 822 2471 1023 2521; x_wconf 82' lang='lat' dir='ltr'>kiirbiss,</span> <span class='ocrx_word' id='word_1_177' title='bbox 1057 2471 1116 2514; x_wconf 87' lang='lat' dir='ltr'>ob</span> 
     </span>
     <span class='ocr_line' id='line_1_37' title="bbox 365 2529 1114 2574; baseline 0.001 -3"><span class='ocrx_word' id='word_1_178' title='bbox 365 2529 712 2573; x_wconf 84' lang='lat' dir='ltr'>similitudinem</span> <span class='ocrx_word' id='word_1_179' title='bbox 762 2529 939 2574; x_wconf 78' lang='lat' dir='ltr'>fructus</span> <span class='ocrx_word' id='word_1_180' title='bbox 987 2530 1114 2573; x_wconf 86' lang='lat' dir='ltr'>abiit.</span> 
     </span>
     <span class='ocr_line' id='line_1_38' title="bbox 366 2588 1117 2644; baseline 0.001 -14"><span class='ocrx_word' id='word_1_181' title='bbox 366 2588 547 2632; x_wconf 87' lang='lat' dir='ltr'>medico</span> <span class='ocrx_word' id='word_1_182' title='bbox 581 2602 655 2644; x_wconf 90' lang='lat' dir='ltr'>ap.</span> <span class='ocrx_word' id='word_1_183' title='bbox 689 2589 920 2633; x_wconf 87' lang='lat' dir='ltr'>Ideler.II.</span> <span class='ocrx_word' id='word_1_184' title='bbox 951 2602 994 2643; x_wconf 90' lang='lat' dir='ltr'>p.</span> <span class='ocrx_word' id='word_1_185' title='bbox 1015 2589 1117 2638; x_wconf 88' lang='lat'>260,</span> 
     </span>
     <span class='ocr_line' id='line_1_39' title="bbox 367 2646 1117 2703; baseline 0.001 -14"><span class='ocrx_word' id='word_1_186' title='bbox 367 2647 434 2690; x_wconf 86' lang='lat'>13.</span> <span class='ocrx_word' id='word_1_187' title='bbox 477 2647 546 2690; x_wconf 86' lang='lat'>24.</span> <span class='ocrx_word' id='word_1_188' title='bbox 597 2653 645 2691; x_wconf 90' lang='lat' dir='ltr'>et</span> <span class='ocrx_word' id='word_1_189' title='bbox 689 2661 733 2703; x_wconf 89' lang='lat' dir='ltr'>p.</span> <span class='ocrx_word' id='word_1_190' title='bbox 768 2649 868 2698; x_wconf 91' lang='lat'>266,</span> <span class='ocrx_word' id='word_1_191' title='bbox 912 2649 979 2690; x_wconf 94' lang='lat'>12.</span> <span class='ocrx_word' id='word_1_192' title='bbox 1025 2646 1117 2690; x_wconf 90' lang='lat' dir='ltr'>dici</span> 
     </span>
     <span class='ocr_line' id='line_1_40' title="bbox 361 2705 1114 2762; baseline 0.001 -15"><span class='ocrx_word' id='word_1_193' title='bbox 361 2705 549 2749; x_wconf 86' lang='lat' dir='ltr'>videtur</span> <span class='ocrx_word' id='word_1_194' title='bbox 565 2711 711 2762; x_wconf 79' lang='grc' dir='ltr'><strong><em>κίτρον</em></strong></span> <span class='ocrx_word' id='word_1_195' title='bbox 744 2708 871 2750; x_wconf 88' lang='lat' dir='ltr'>cuius</span> <span class='ocrx_word' id='word_1_196' title='bbox 891 2720 997 2750; x_wconf 82' lang='lat' dir='ltr'>caro</span> <span class='ocrx_word' id='word_1_197' title='bbox 1016 2707 1114 2749; x_wconf 90' lang='lat' dir='ltr'>sine</span> 
     </span>
     <span class='ocr_line' id='line_1_41' title="bbox 364 2765 1112 2820; baseline 0.001 -14"><span class='ocrx_word' id='word_1_198' title='bbox 364 2765 535 2808; x_wconf 86' lang='lat' dir='ltr'>cortice</span> <span class='ocrx_word' id='word_1_199' title='bbox 570 2773 617 2809; x_wconf 82' lang='lat' dir='ltr'>et</span> <span class='ocrx_word' id='word_1_200' title='bbox 647 2771 806 2809; x_wconf 85' lang='lat' dir='ltr'>cortex</span> <span class='ocrx_word' id='word_1_201' title='bbox 824 2779 906 2820; x_wconf 91' lang='lat' dir='ltr'>per</span> <span class='ocrx_word' id='word_1_202' title='bbox 923 2779 972 2809; x_wconf 90' lang='lat' dir='ltr'>se</span> <span class='ocrx_word' id='word_1_203' title='bbox 991 2779 1112 2809; x_wconf 90' lang='lat' dir='ltr'>com-</span> 
     </span>
     <span class='ocr_line' id='line_1_42' title="bbox 362 2823 1110 2874; baseline -0.001 -9"><span class='ocrx_word' id='word_1_204' title='bbox 362 2824 618 2868; x_wconf 86' lang='lat' dir='ltr'>mendatur.</span> <span class='ocrx_word' id='word_1_205' title='bbox 667 2823 723 2868; x_wconf 86' lang='lat' dir='ltr'>cf.</span> <span class='ocrx_word' id='word_1_206' title='bbox 758 2825 884 2867; x_wconf 84' lang='lat' dir='ltr'>Plin.</span> <span class='ocrx_word' id='word_1_207' title='bbox 931 2826 999 2874; x_wconf 81' lang='lat'>19,</span> <span class='ocrx_word' id='word_1_208' title='bbox 1043 2825 1110 2866; x_wconf 88' lang='grc'>71.</span> 
     </span>
     <span class='ocr_line' id='line_1_43' title="bbox 360 2882 1111 2932; baseline 0.001 -8"><span class='ocrx_word' id='word_1_209' title='bbox 360 2882 432 2932; x_wconf 85' lang='grc'>20,</span> <span class='ocrx_word' id='word_1_210' title='bbox 484 2883 554 2927; x_wconf 88' lang='lat'>12.</span> <span class='ocrx_word' id='word_1_211' title='bbox 603 2909 648 2913; x_wconf 82' lang='lat'>—</span> <span class='ocrx_word' id='word_1_212' title='bbox 704 2883 779 2927; x_wconf 86' lang='lat' dir='ltr'>sil</span> <span class='ocrx_word' id='word_1_213' title='bbox 820 2888 990 2927; x_wconf 82' lang='lat' dir='ltr'>mont.</span> <span class='ocrx_word' id='word_1_214' title='bbox 1023 2883 1111 2926; x_wconf 87' lang='lat' dir='ltr'>erit</span> 
     </span>
     <span class='ocr_line' id='line_1_44' title="bbox 360 2941 842 3000; baseline 0.008 -17"><span class='ocrx_word' id='word_1_215' title='bbox 360 2941 524 3000; x_wconf 86' lang='lat' dir='ltr'>planta</span> <span class='ocrx_word' id='word_1_216' title='bbox 557 2942 614 2986; x_wconf 89' lang='lat' dir='ltr'>de</span> <span class='ocrx_word' id='word_1_217' title='bbox 648 2955 740 2998; x_wconf 87' lang='lat' dir='ltr'>qua</span> <span class='ocrx_word' id='word_1_218' title='bbox 770 2942 842 2989; x_wconf 74' lang='lat'>35,</span> 
     </span>
    </p>
   </div>
   <div class='ocr_carea' id='block_1_6' title="bbox 1201 1998 1961 3000">
    <p class='ocr_par' dir='ltr' id='par_1_13' title="bbox 1209 1998 1961 2513">
     <span class='ocr_line' id='line_1_45' title="bbox 1218 1998 1961 2053; baseline 0.004 -13"><span class='ocrx_word' id='word_1_219' title='bbox 1218 1998 1382 2053; x_wconf 85' lang='lat' dir='ltr'>„paulo</span> <span class='ocrx_word' id='word_1_220' title='bbox 1416 2002 1566 2052; x_wconf 87' lang='lat' dir='ltr'>post“.</span> <span class='ocrx_word' id='word_1_221' title='bbox 1601 1999 1723 2042; x_wconf 90' lang='lat' dir='ltr'>idem</span> <span class='ocrx_word' id='word_1_222' title='bbox 1751 1998 1843 2043; x_wconf 84' lang='lat' dir='ltr'>feci</span> <span class='ocrx_word' id='word_1_223' title='bbox 1864 2000 1961 2050; x_wconf 90' lang='lat'>162,</span> 
     </span>
     <span class='ocr_line' id='line_1_46' title="bbox 1215 2057 1958 2104; baseline 0 -4"><span class='ocrx_word' id='word_1_224' title='bbox 1215 2058 1311 2100; x_wconf 91' lang='lat'>186.</span> <span class='ocrx_word' id='word_1_225' title='bbox 1352 2057 1451 2104; x_wconf 81' lang='lat'>194.</span> <span class='ocrx_word' id='word_1_226' title='bbox 1485 2059 1584 2102; x_wconf 84' lang='lat'>216.</span> <span class='ocrx_word' id='word_1_227' title='bbox 1618 2058 1958 2102; x_wconf 80' lang='lat'>301.318.398.</span> 
     </span>
     <span class='ocr_line' id='line_1_47' title="bbox 1213 2117 1961 2161; baseline 0.003 -2"><span class='ocrx_word' id='word_1_228' title='bbox 1213 2118 1314 2160; x_wconf 82' lang='lat'>337.</span> <span class='ocrx_word' id='word_1_229' title='bbox 1347 2117 1413 2160; x_wconf 90' lang='lat' dir='ltr'>sic</span> <span class='ocrx_word' id='word_1_230' title='bbox 1445 2123 1630 2161; x_wconf 84' lang='lat' dir='ltr'>anetum</span> <span class='ocrx_word' id='word_1_231' title='bbox 1654 2117 1853 2161; x_wconf 89' lang='lat' dir='ltr'>adicitur</span> <span class='ocrx_word' id='word_1_232' title='bbox 1868 2131 1961 2161; x_wconf 89' lang='lat' dir='ltr'>me-</span> 
     </span>
     <span class='ocr_line' id='line_1_48' title="bbox 1213 2176 1960 2220; baseline 0.001 -2"><span class='ocrx_word' id='word_1_233' title='bbox 1213 2176 1291 2219; x_wconf 86' lang='lat' dir='ltr'>dia</span> <span class='ocrx_word' id='word_1_234' title='bbox 1325 2181 1513 2220; x_wconf 86' lang='lat' dir='ltr'>coctura</span> <span class='ocrx_word' id='word_1_235' title='bbox 1546 2178 1643 2220; x_wconf 88' lang='lat'>213.</span> <span class='ocrx_word' id='word_1_236' title='bbox 1680 2178 1778 2219; x_wconf 90' lang='lat'>216.</span> <span class='ocrx_word' id='word_1_237' title='bbox 1820 2177 1881 2220; x_wconf 85' lang='lat' dir='ltr'>ad</span> <span class='ocrx_word' id='word_1_238' title='bbox 1912 2176 1960 2219; x_wconf 89' lang='lat' dir='ltr'>id</span> 
     </span>
     <span class='ocr_line' id='line_1_49' title="bbox 1211 2234 1958 2291; baseline 0.001 -13"><span class='ocrx_word' id='word_1_239' title='bbox 1211 2235 1381 2278; x_wconf 85' lang='lat' dir='ltr'>adiect.</span> <span class='ocrx_word' id='word_1_240' title='bbox 1441 2236 1664 2291; x_wconf 89' lang='lat' dir='ltr'>temporis</span> <span class='ocrx_word' id='word_1_241' title='bbox 1712 2234 1769 2279; x_wconf 88' lang='lat' dir='ltr'>cf.</span> <span class='ocrx_word' id='word_1_242' title='bbox 1817 2249 1958 2280; x_wconf 83' lang='lat' dir='ltr'>verno</span> 
     </span>
     <span class='ocr_line' id='line_1_50' title="bbox 1214 2295 1958 2348; baseline 0.001 -12"><span class='ocrx_word' id='word_1_243' title='bbox 1214 2295 1310 2338; x_wconf 83' lang='lat'>103.</span> <span class='ocrx_word' id='word_1_244' title='bbox 1322 2295 1564 2345; x_wconf 81' lang='lat' dir='ltr'>matutino,</span> <span class='ocrx_word' id='word_1_245' title='bbox 1575 2295 1791 2338; x_wconf 85' lang='lat' dir='ltr'>hesterno</span> <span class='ocrx_word' id='word_1_246' title='bbox 1805 2295 1958 2348; x_wconf 87' lang='lat' dir='ltr'>(Klein</span> 
     </span>
     <span class='ocr_line' id='line_1_51' title="bbox 1210 2353 1955 2397; baseline 0 -2"><span class='ocrx_word' id='word_1_247' title='bbox 1210 2353 1269 2396; x_wconf 89' lang='lat' dir='ltr'>ad</span> <span class='ocrx_word' id='word_1_248' title='bbox 1290 2353 1499 2396; x_wconf 86' lang='lat' dir='ltr'>Lambini</span> <span class='ocrx_word' id='word_1_249' title='bbox 1515 2353 1738 2397; x_wconf 83' lang='lat' dir='ltr'>Emendd.</span> <span class='ocrx_word' id='word_1_250' title='bbox 1759 2354 1955 2397; x_wconf 88' lang='lat' dir='ltr'>Tullian.</span> 
     </span>
     <span class='ocr_line' id='line_1_52' title="bbox 1209 2412 1954 2468; baseline 0.004 -15"><span class='ocrx_word' id='word_1_251' title='bbox 1209 2425 1251 2466; x_wconf 88' lang='lat' dir='ltr'>p.</span> <span class='ocrx_word' id='word_1_252' title='bbox 1290 2412 1406 2464; x_wconf 80' lang='lat'>159.)</span> <span class='ocrx_word' id='word_1_253' title='bbox 1451 2437 1505 2443; x_wconf 89' lang='lat'>—</span> <span class='ocrx_word' id='word_1_254' title='bbox 1551 2414 1683 2456; x_wconf 89' lang='lat' dir='ltr'>ovis</span> <span class='ocrx_word' id='word_1_255' title='bbox 1717 2426 1834 2456; x_wconf 89' lang='lat' dir='ltr'>corr.</span> <span class='ocrx_word' id='word_1_256' title='bbox 1870 2426 1954 2468; x_wconf 87' lang='lat' dir='ltr'>pro</span> 
     </span>
     <span class='ocr_line' id='line_1_53' title="bbox 1209 2471 1403 2513; baseline 0 0"><span class='ocrx_word' id='word_1_257' title='bbox 1209 2471 1315 2513; x_wconf 87' lang='lat' dir='ltr'>bis.</span> <span class='ocrx_word' id='word_1_258' title='bbox 1352 2496 1403 2501; x_wconf 85' lang='lat'>—</span> 
     </span>
    </p>

    <p class='ocr_par' dir='ltr' id='par_1_14' title="bbox 1201 2529 1957 3000">
     <span class='ocr_line' id='line_1_54' title="bbox 1297 2529 1957 2585; baseline 0.002 -13"><span class='ocrx_word' id='word_1_259' title='bbox 1297 2529 1357 2572; x_wconf 84' lang='lat' dir='ltr'>ad</span> <span class='ocrx_word' id='word_1_260' title='bbox 1389 2530 1460 2572; x_wconf 88' lang='lat'>80.</span> <span class='ocrx_word' id='word_1_261' title='bbox 1503 2530 1569 2573; x_wconf 83' lang='lat' dir='ltr'>de</span> <span class='ocrx_word' id='word_1_262' title='bbox 1602 2543 1792 2585; x_wconf 82' lang='lat' dir='ltr'>gra-110</span> <span class='ocrx_word' id='word_1_263' title='bbox 1825 2530 1957 2573; x_wconf 46' lang='lat' dir='ltr'>resti„</span> 
     </span>
     <span class='ocr_line' id='line_1_55' title="bbox 1207 2589 1953 2643; baseline -0.001 -12"><span class='ocrx_word' id='word_1_264' title='bbox 1207 2589 1276 2631; x_wconf 87' lang='lat' dir='ltr'>tui</span> <span class='ocrx_word' id='word_1_265' title='bbox 1324 2602 1407 2643; x_wconf 85' lang='lat' dir='ltr'>pro</span> <span class='ocrx_word' id='word_1_266' title='bbox 1466 2589 1598 2631; x_wconf 89' lang='lat' dir='ltr'>Hum.</span> <span class='ocrx_word' id='word_1_267' title='bbox 1647 2601 1953 2643; x_wconf 84' lang='lat' dir='ltr'>senogaro.</span> 
     </span>
     <span class='ocr_line' id='line_1_56' title="bbox 1207 2646 1955 2702; baseline 0 -12"><span class='ocrx_word' id='word_1_268' title='bbox 1207 2647 1370 2702; x_wconf 88' lang='lat' dir='ltr'>supple</span> <span class='ocrx_word' id='word_1_269' title='bbox 1422 2647 1675 2702; x_wconf 85' lang='lat' dir='ltr'>„obligas“‚</span> <span class='ocrx_word' id='word_1_270' title='bbox 1731 2646 1805 2690; x_wconf 91' lang='lat' dir='ltr'>vel</span> <span class='ocrx_word' id='word_1_271' title='bbox 1857 2661 1955 2699; x_wconf 88' lang='lat' dir='ltr'>„su-</span> 
     </span>
     <span class='ocr_line' id='line_1_57' title="bbox 1205 2706 1953 2760; baseline 0.001 -12"><span class='ocrx_word' id='word_1_272' title='bbox 1205 2706 1469 2760; x_wconf 84' lang='lat' dir='ltr'>perfundis“</span> <span class='ocrx_word' id='word_1_273' title='bbox 1510 2707 1580 2748; x_wconf 87' lang='lat'>86.</span> <span class='ocrx_word' id='word_1_274' title='bbox 1630 2707 1675 2748; x_wconf 90' lang='lat' dir='ltr'>in</span> <span class='ocrx_word' id='word_1_275' title='bbox 1723 2706 1953 2749; x_wconf 85' lang='lat' dir='ltr'>medulam</span> 
     </span>
     <span class='ocr_line' id='line_1_58' title="bbox 1205 2765 1953 2819; baseline 0.001 -12"><span class='ocrx_word' id='word_1_276' title='bbox 1205 2765 1349 2807; x_wconf 86' lang='lat' dir='ltr'>mittis</span> <span class='ocrx_word' id='word_1_277' title='bbox 1391 2766 1461 2807; x_wconf 80' lang='lat'>91.</span> <span class='ocrx_word' id='word_1_278' title='bbox 1507 2769 1578 2808; x_wconf 87' lang='lat' dir='ltr'>est</span> <span class='ocrx_word' id='word_1_279' title='bbox 1615 2778 1727 2808; x_wconf 89' lang='lat' dir='ltr'>vero</span> <span class='ocrx_word' id='word_1_280' title='bbox 1760 2777 1953 2819; x_wconf 83' lang='lat' dir='ltr'>granum</span> 
     </span>
     <span class='ocr_line' id='line_1_59' title="bbox 1204 2823 1951 2878; baseline 0.003 -13"><span class='ocrx_word' id='word_1_281' title='bbox 1204 2823 1323 2866; x_wconf 86' lang='lat' dir='ltr'>alica</span> <span class='ocrx_word' id='word_1_282' title='bbox 1355 2824 1596 2878; x_wconf 75' lang='lat' dir='ltr'>quaedam,</span> <span class='ocrx_word' id='word_1_283' title='bbox 1641 2823 1951 2878; x_wconf 85' lang='lat' dir='ltr'>spelzgrueze,</span> 
     </span>
     <span class='ocr_line' id='line_1_60' title="bbox 1204 2882 1952 2936; baseline -0.004 -12"><span class='ocrx_word' id='word_1_284' title='bbox 1204 2882 1563 2936; x_wconf 86' lang='lat' dir='ltr'>comparandum</span> <span class='ocrx_word' id='word_1_285' title='bbox 1641 2895 1743 2925; x_wconf 86' lang='lat' dir='ltr'>cum</span> <span class='ocrx_word' id='word_1_286' title='bbox 1817 2882 1952 2936; x_wconf 73' lang='grc' dir='ltr'><em>τράγῳ</em></span> 
     </span>
     <span class='ocr_line' id='line_1_61' title="bbox 1201 2940 1946 3000; baseline 0.003 -17"><span class='ocrx_word' id='word_1_287' title='bbox 1201 2954 1384 3000; x_wconf 79' lang='lat' dir='ltr'>graeco.</span> <span class='ocrx_word' id='word_1_288' title='bbox 1406 2940 1462 2985; x_wconf 82' lang='lat' dir='ltr'>cf.</span> <span class='ocrx_word' id='word_1_289' title='bbox 1487 2941 1601 2985; x_wconf 84' lang='lat' dir='ltr'>Plin.</span> <span class='ocrx_word' id='word_1_290' title='bbox 1625 2942 1693 2994; x_wconf 92' lang='lat'>18,</span> <span class='ocrx_word' id='word_1_291' title='bbox 1715 2943 1810 2985; x_wconf 76' lang='lat'>116.</span> <span class='ocrx_word' id='word_1_292' title='bbox 1847 2942 1946 2989; x_wconf 78' lang='lat' dir='ltr'>Cat.</span> 
     </span>
    </p>
   </div>
  </div>
 </body>
</html>
