2098 3470
348 275 451 329 178

894 274 996 320 Lib.
1020 274 1142 319 VIII.
1184 274 1428 332 Tetrapus.

436 408 581 461 386.
621 408 1019 460 Porcellum
1069 407 1463 461 taricanum
1505 406 1581 460 sie
1606 407 1800 461 facies:
1842 425 1933 461 ex-

345 497 496 534 ossas
546 481 840 548 porcellum
881 486 933 534 et
970 481 1180 549 aptabis
1221 481 1374 534 sicuti
1427 497 1566 534 aeno
1619 486 1827 534 coetum
1863 486 1938 534 ,et

342 554 414 607 ad
453 554 655 606 fumum
693 554 1010 622 suspendes,
1052 554 1151 608 sed
1205 553 1521 622 perpendas
1577 559 1630 607 et
1682 559 1934 621 quantum

343 627 658 697 appendeas
694 633 897 680 tantum
937 629 1078 681 salis
1118 629 1173 680 in
1214 628 1378 680 ollam
1426 627 1603 680 mittes
1660 633 1714 681 et
1768 628 1939 681 elixas

343 707 401 754 ut
426 706 680 768 coquatur
710 707 762 755 et
786 702 863 755 sic
893 702 1089 756 eumin
1115 702 1271 755 lance
1311 701 1503 754 efferes
1537 701 1679 754 salso
1702 705 1933 771 recente.

344 843 430 892 fiat
476 847 617 893 docet
673 847 849 893 Colum.
907 849 978 901 12,
1024 848 1094 892 57.

343 906 523 951 Pallad.
556 908 598 957 8,
630 907 670 951 9.

433 967 495 1010 ad
511 967 611 1010 386.
645 965 878 1022 porcellus
909 966 1000 1010 iste
1024 980 1097 1011 me

344 1038 494 1081 paene
541 1025 727 1076 occidit,
786 1037 900 1080 apro
948 1025 1096 1081 magis

344 1085 546 1129 vexavit.
564 1085 808 1128 verissima
830 1088 937 1127 sunt
954 1085 1098 1128 verba

347 1144 541 1188 Gesneri
577 1144 624 1187 in
657 1141 897 1188 Thesauro
945 1157 1096 1199 „porc

346 1207 653 1259 maganus,
687 1202 815 1246 cuius
835 1215 985 1258 neque
1017 1216 1098 1247 no-

346 1276 449 1306 men
507 1274 658 1317 neque
714 1266 927 1305 naturam
977 1261 1098 1317 quis-

350 1334 487 1378 quam
519 1321 700 1365 docet“.
741 1320 998 1376 sapientius
1029 1325 1098 1364 ta-

351 1381 522 1425 cuisset
562 1380 708 1423 Italus
756 1379 834 1436 qui
879 1379 1098 1424 solatium

349 1439 469 1485 ferre
499 1438 752 1495 philologis
784 1451 895 1494 prae
927 1452 977 1483 se
1008 1437 1100 1483 fert

352 1503 452 1554 „est
497 1498 730 1554 porcellus
776 1497 950 1542 hircum
1001 1498 1097 1554 pilo

349 1563 397 1603 et
428 1557 591 1602 habitu
629 1557 835 1613 corporis
879 1558 1099 1614 quodam-

349 1618 491 1662 modo
524 1615 770 1661 referens“.
805 1616 968 1661 eodem
1000 1616 1109 1661 iure'

348 1677 550 1722 scribere
581 1679 772 1732 poterat
785 1691 804 1717 :⁴
828 1680 901 1720 est
930 1676 977 1719 in
1002 1689 1099 1720 mo-

349 1737 455 1781 dum
488 1736 612 1793 tragi
643 1735 673 1779 i.
690 1748 730 1779 e.
762 1734 989 1790 spongiae
1016 1734 1098 1779 du-

348 1796 482 1840 rioris
524 1807 609 1850 ap.
640 1794 758 1838 Plin.
791 1795 832 1845 9,
868 1793 965 1837 148.
999 1793 1095 1838 vel:

347 1859 420 1899 est
452 1854 531 1910 qui
562 1852 770 1897 hircosus
788 1853 886 1896 232.
920 1852 996 1896 vel
1014 1866 1095 1897 no-

346 1915 466 1958 mine
498 1926 527 1957 a
543 1913 686 1957 verbo
704 1917 874 1967 τραγεῖν
905 1910 981 1967 (cf.
1004 1911 1098 1956 Ro-

347 1973 425 2017 stii
457 1973 543 2017 lex.
583 1972 630 2015 in
662 1970 828 2027 τρώγω)
871 1971 949 2027 qui
990 1970 1098 2015 dum

346 2031 528 2075 roditur
551 2036 723 2086 crepat,
755 2029 1015 2086 knarpelig.
1048 2035 1099 2074 at

347 2092 394 2135 in
427 2094 649 2134 contextu
690 2089 802 2132 nihil
835 2088 996 2132 harum
1029 2102 1098 2133 re-

344 2162 444 2194 rum
476 2149 693 2204 reperias,
727 2148 938 2192 omnibus
971 2148 1097 2192 codi-

347 2209 477 2253 cibus
505 2208 620 2252 meis
638 2207 866 2251 vetustius
884 2211 956 2251 est
972 2220 1096 2251 men-

345 2268 466 2312 dum.
525 2267 655 2312 varia
705 2266 909 2310 tentavi:
974 2270 1095 2309 tar-

343 2327 621 2383 peianum
666 2339 723 2370 ex
753 2326 856 2370 367.
907 2326 1097 2369 troia-

343 2400 473 2430 num
507 2398 563 2429 ex
594 2384 795 2429 Macrob.
829 2389 914 2428 sat.
949 2385 991 2435 3,
1026 2385 1095 2436 13,

350 2446 420 2490 13.
465 2458 566 2489 cum
588 2494 590 2496 ,
612 2444 725 2488 Diez
767 2443 855 2488 lex.
902 2443 944 2486 d.
979 2444 1093 2487 rom.

343 2518 435 2560 spr.
455 2517 498 2559 p.
518 2503 618 2547 356.
653 2502 1095 2558 heterogonum

343 2563 556 2607 diversae
610 2566 819 2615 naturae,
883 2567 982 2605 tra
993 2574 1095 2617 ga-

343 2635 542 2667 saeum
575 2634 604 2665 a
635 2621 810 2666 salibus
834 2620 1094 2676 tragasaeis

341 2681 483 2725 Plinii
513 2682 585 2731 31,
619 2681 688 2724 85.
723 2684 771 2724 et
804 2680 872 2724 76.
920 2679 998 2723 ubi
1030 2679 1093 2724 le-

341 2753 427 2797 gas
474 2741 761 2795 „tragasaei“
806 2751 891 2795 pro
929 2738 1089 2794 „pag.“

341 2798 540 2857 Hesych.
584 2800 640 2842 II.
695 2811 738 2853 p.
787 2798 918 2842 1405.
965 2797 1090 2841 1561.

341 2872 479 2903 unum
510 2871 630 2902 nunc
661 2871 733 2902 me
766 2856 924 2913 explet
955 2856 1094 2900 tari-

342 2930 537 2967 oanum
579 2931 662 2963 seu
694 2917 1020 2962 tar-icarum
1062 2915 1090 2959 i.

1187 861 1226 893 e.
1249 846 1501 905 ταριχηρὸν,
1526 847 1652 893 cuius
1684 846 1938 892 substanti-

1171 921 1295 962 ,vum
1337 907 1509 951 taricus
1548 906 1652 952 440.
1697 906 1800 951 coll.
1836 907 1934 964 137.

1187 967 1226 1010 si
1259 966 1371 1023 quid
1402 966 1602 1020 saperda
1634 978 1809 1021 coquus
1843 978 1937 1010 cer-

1186 1025 1271 1076 nit,
1303 1025 1535 1080 porcellus
1555 1025 1602 1068 in
1619 1025 1807 1068 modum
1824 1024 1936 1068 salsi

1188 1096 1270 1128 seu
1291 1084 1560 1128 salsamenti
1577 1088 1626 1128 et
1643 1083 1830 1140 quidem
1849 1085 1937 1127 hoc

1187 1143 1328 1187 modo
1360 1147 1575 1198 paratur:
1616 1156 1718 1187 cum
1751 1154 1938 1187 exossa-

1187 1206 1263 1246 tus
1311 1206 1359 1246 et
1405 1205 1700 1247 exenteratus
1748 1206 1834 1256 est,
1890 1201 1937 1244 in

1189 1272 1306 1305 aeno
1324 1261 1426 1304 381.
1460 1274 1517 1306 ex
1533 1261 1646 1313 sale,
1671 1259 1936 1318 liquamine,

1188 1319 1349 1376 pipere
1391 1323 1478 1364 cet.
1510 1320 1610 1364 373.
1643 1319 1744 1364 401.
1806 1331 1939 1375 prae-

1189 1379 1381 1423 duratur
1411 1392 1492 1423 seu
1508 1379 1851 1436 praecoquitur,
1874 1378 1936 1423 le-

1188 1437 1309 1483 viter
1341 1438 1554 1494 coquitur
1587 1439 1744 1495 sicque
1777 1440 1936 1482 coctus

1189 1497 1250 1541 ad
1296 1496 1469 1542 fumum
1515 1497 1811 1554 suspenditur
1853 1495 1935 1540 ali-

1190 1556 1423 1612 quamdiu,
1452 1556 1720 1612 depromtus
1736 1568 1820 1612 per
1835 1560 1936 1599 tan-

1190 1615 1396 1660 tumdem
1427 1621 1609 1671 tempus
1640 1615 1818 1666 salitur,
1858 1614 1935 1658 de-

1188 1687 1280 1718 nuo
1321 1675 1367 1718 in
1416 1674 1511 1719 olla
1554 1675 1769 1730 coquitur
1800 1677 1848 1718 et
1879 1686 1937 1718 ex

1187 1733 1312 1778 salso
1343 1737 1529 1778 recente
1560 1734 1767 1778 sumitur.
1815 1733 1937 1776 simi-

1188 1791 1295 1836 liter
1326 1793 1426 1836 289.
1457 1797 1621 1837 venter
1642 1792 1858 1848 porcinus
1875 1791 1937 1835 ad

1188 1851 1425 1895 dimidiam
1465 1852 1690 1908 coquitur,
1739 1851 1935 1901 levatur,

1189 1910 1251 1954 ad
1283 1910 1455 1954 fumum
1479 1910 1777 1966 suspenditur
1794 1915 1844 1954 ut
1861 1923 1936 1954 co—

1188 1969 1366 2014 loretur
1397 1962 1627 2015 et‘’denu0
1654 1968 1937 2025 perelixatur

1188 2032 1240 2072 ut
1271 2029 1408 2085 coqui
1438 2029 1589 2084 possit
1618 2033 1668 2073 et
1697 2028 1766 2072 40.
1804 2028 1944 2072 isicia-

1189 2092 1428 2132 omentata
1459 2088 1520 2131 ad
1547 2086 1719 2132 fumum
1747 2100 1935 2143 suspen-

1186 2146 1358 2190 duntur
1409 2150 1547 2202 quam
1595 2146 1673 2190 diu
1713 2145 1845 2191 voles
1887 2149 1937 2189 et

1135 2212 1137 2214 ’
1187 2205 1339 2250 denuo
1371 2209 1598 2250 assantur.
1631 2205 1842 2250 similiter
1871 2203 1936 2248 l³e-

1186 2277 1273 2320 pus
1320 2264 1435 2313 401.ι
1469 2267 1673 2320 paratur.
1723 2289 1776 2294 ——
1829 2276 1892 2307 en
1905 2276 1933 2307 o

1188 2328 1415 2367 coctum
1460 2326 1565 2378 βγπ.
1628 2335 1773 2368 aeno
1807 2335 1854 2366 c.
1900 2322 1932 2370 ζ.

1187 2386 1545 2427 onococtum
1592 2385 1659 2424 θκ.
1725 2380 1783 2425 cf.
1830 2381 1934 2426 381.

1185 2442 1285 2485 389.
1336 2466 1389 2471 -
1437 2441 1483 2483 in
1529 2454 1621 2485 uno
1668 2444 1700 2491 β
1741 2444 1789 2485 et
1831 2439 1933 2484 cod.

1185 2500 1318 2544 Hum.
1366 2499 1483 2544 haec
1528 2504 1636 2543 sunt
1688 2499 1833 2556 verba
1877 2502 1936 2545 et

1186 2558 1534 2615 appendeas
1567 2563 1626 2602 et
1649 2562 1934 2614 quantum

1185 2618 1544 2674 appendeas.
1609 2616 1810 2662 fortasse
1852 2616 1934 2660 ‘nil

1183 2677 1455 2721 mutandum
1517 2676 1605 2720 nisi
1666 2675 1934 2731 appendeas

1182 2737 1309 2792 prius
1352 2739 1400 2780 et
1438 2734 1729 2779 scribendum
1763 2747 1932 2790 appen-

1185 2793 1409 2839 das.haec
1426 2794 1540 2838 dicit
1560 2806 1800 2850 „erwaege
1819 2793 1933 2839 aber

1184 2854 1259 2898 die
1302 2854 1408 2905 zeit,
1448 2866 1500 2897 so
1538 2852 1676 2909 lange
1709 2853 1771 2896 du
1801 2864 1932 2897 raeu-

1183 2913 1352 2966 cherst,
1391 2925 1445 2956 so
1485 2911 1623 2970 lange
1660 2915 1806 2956 musst
1838 2911 1931 2957 ein-
