2098 3470
708 310 807 358 Lib.
841 310 919 357 111.
985 308 1204 367 Cepuros.
1638 281 1642 284 >
1681 299 1752 355 55

165 451 357 506 bamen
412 445 623 521 [capita]
665 461 939 515 porrorum
970 442 1122 496 simul
1159 438 1382 493 elixabis
1421 437 1477 491 in
1518 436 1752 490 caccabo

164 542 301 579 novo
352 524 426 577 ita
478 527 534 576 ut
584 538 724 588 aqua
776 518 845 573 ad.
896 517 1078 571 tertias
1128 514 1406 568 deferveat
1454 510 1527 585 [id
1568 515 1647 564 est
1688 525 1755 562 ex

164 600 329 653 tribus
384 597 568 650 eminis
620 610 793 662 aquae
845 609 951 645 una
1003 586 1311 659 1·emaneat].
1371 591 1564 655 postea
1614 589 1756 637 teres

166 674 336 742 piper,
379 671 647 738 liquamen
688 673 739 722 et
778 666 1104 733 aliquantum
1130 663 1302 716 mellis
1331 677 1584 725 umorem,
1626 663 1754 711 tem-

165 746 379 816 perabis
435 750 485 798 et
536 760 728 810 aquam
782 741 1024 808 apiorum
1076 738 1417 791 decoctorum
1460 732 1663 787 celabis
1702 731 1757 783 in

166 820 414 875 mortario
458 822 509 871 et
547 815 900 886 superfundes
941 813 1083 884 api0.
1126 829 1243 865 cum
1283 809 1449 863 semel
1488 805 1756 872 fervuerit,

168 896 424 964 abpones.
470 897 521 946 et
560 891 604 944 si
643 890 844 944 libitum
885 887 1057 953 fuerit,
1101 886 1252 957 apios
1293 882 1509 937 adicies

278 969 364 1023 66.
403 967 817 1034 Asparagos.
861 977 1158 1031 asparagos
1196 958 1428 1026 cucabiS,
1466 971 1670 1011 rursum
1704 953 1760 1006 iu

169 1041 397 1098 calidam
437 1039 744 1106 summittes,
787 1036 1095 1092 callosiores
1134 1033 1346 1089 reddes,

170 1188 375 1246 margine
419 1193 487 1232 est
531 1190 583 1231 ut
628 1185 769 1245 paulo
814 1190 922 1230 ante

176 1262 396 1307 „quorum
454 1247 665 1292 detersas
712 1246 918 1291 radices“

173 1318 221 1354 et
252 1321 360 1353 mox
395 1307 469 1360 „id
494 1310 565 1350 est
586 1331 635 1335 ——
655 1307 917 1350 remaneat“

174 1393 227 1399 ——
283 1379 483 1411 umore
546 1364 682 1409 codd.
748 1364 922 1418 „mellis

173 1429 331 1471 umor“
367 1426 453 1468 erit
486 1424 797 1468 Scribonii37.
833 1424 921 1468 mel

173 1485 411 1541 liquidum.
477 1483 614 1534 simili
677 1484 922 1528 verborum

173 1545 351 1588 ambitu
368 1543 530 1586 humor
545 1543 682 1586 musti
699 1556 772 1599 ap.
792 1543 920 1598 Virg.

174 1604 229 1649 Gr.
266 1605 304 1654 1,
339 1603 441 1646 295.
483 1614 631 1657 aquae
672 1611 744 1658 ap.
788 1603 919 1647 Ovid.

172 1676 258 1706 am.
295 1663 336 1713 2,
370 1662 410 1712 6,
444 1661 513 1704 32.
559 1661 709 1714 lactis,
753 1662 921 1707 Censo-

172 1723 254 1766 rin.
299 1721 343 1772 4,
386 1722 427 1764 9.
470 1720 619 1764 11101110
662 1721 815 1777 liquor
845 1734 920 1776 ap.

172 1782 354 1826 Lucret.
388 1779 430 1829 4,
456 1781 523 1830 13,
557 1792 706 1835 aquae
739 1794 814 1825 ros
847 1793 920 1836 ap.

171 1839 315 1896 Apul.
350 1843 458 1883 met.
495 1840 533 1890 1,
568 1840 635 1883 19.
658 1865 710 1870 ψ-
744 1839 922 1884 semel

174 1904 222 1944 et
239 1900 308 1943 85.
331 1911 444 1942 corr.
474 1911 559 1953 pro
580 1899 677 1943 sim
694 1900 763 1951 ul,
798 1899 923 1956 quod

173 1972 266 2002 non
308 1969 412 2001 raro
455 1957 671 2002 scribitur
707 1959 922 2011 „semul“,

174 2017 296 2061 unde
314 2016 476 2060 vitium
499 2021 657 2061 natum
686 2018 843 2069 (Corte
866 2018 923 2061 de

174 2090 260 2120 usu
279 2075 580 2131 orthograph.
606 2078 647 2127 3,
670 2077 737 2121 10.
758 2091 799 2132 p.
824 2077 920 2120 146.

176 2136 305 2189 147.).
352 2133 406 2177 cf.
445 2135 635 2187 „iterum
667 2148 722 2180 ao
753 2137 919 2180 te1·tio“

174 2195 242 2237 67.
288 2194 391 2238 coll.
437 2195 534 2236 221.
591 2200 686 2248 „ter
727 2195 919 2239 bullire“

172 2254 272 2297 425.
323 2253 495 2306 „undas
539 2257 659 2298 tres“
711 2255 812 2298 364.
860 2253 924 2300 δὶς

172 2313 339 2360 ἇιιαζεῖν
370 2312 525 2356 Diosc.
566 2316 605 2365 1,
640 2314 708 2356 63.
759 2314 922 2358 eadem

175 2370 384 2415 confusio
428 2384 500 2426 ap.
546 2373 751 2416 Macrobi
796 2373 920 2416 Som.

174 2430 373 2485 Scipion.
391 2431 431 2480 1,
449 2432 513 2482 18,
529 2432 568 2474 6.
590 2432 750 2476 Senec.
771 2437 919 2487 tranq.

172 2502 243 2532 an.
281 2491 319 2540 1,
352 2490 394 2533 3.
427 2490 623 2546 interpp.
658 2492 718 2535 ad
759 2492 921 2535 Horat.

172 2562 303 2592 serm.
344 2549 385 2598 2,
407 2549 460 2598 ’8,
494 2549 564 2593 24.
599 2563 670 2605 ep.
708 2552 746 2601 1,
782 2551 821 2601 7,
849 2550 919 2593 96.

171 2607 283 2651 Iahn
303 2607 363 2650 ad
382 2607 506 2651 Pers.
530 2610 568 2660 1,
587 2610 657 2653 24.
691 2610 922 2652 Hermann

172 2667 232 2710 ad
264 2666 468 2710 Iuvenal.
502 2669 542 2718 5,
573 2668 657 2710 142
675 2682 718 2723 p.
751 2668 921 2711 XXIII.

173 2750 227 2755 »-
260 2738 531 2782 appones
557 2727 691 2771 codd.
718 2727 922 2782 depones

173 2783 241 2827 67.
288 2810 341 2814 —
385 2784 446 2827 ad
488 2787 755 2841 apiorum
800 2787 920 2830 dee.

172 2842 336 2898 supple
401 2848 475 2895 „et
529 2849 805 2900 ,porrorum‘'·
840 2847 847 2851 ’
875 2848 922 2888 01

178 2904 368 2955 „porro“
430 2903 492 2946 ad
552 2905 730 2960 „apio“,
788 2904 922 2948 simul

175 2960 294 3004 enim
326 2961 567 3008 elixantur.
603 2988 657 2993 -—

1101 1182 1162 1227 ad
1195 1181 1263 1225 66.
1313 1194 1396 1237 pro
1439 1179 1602 1224 insano
1647 1179 1762 1223 sic-

1014 1243 1180 1288 cabis
1213 1241 1366 1286 inveni
1399 1238 1762 1291 siciabis,isi-

1014 1303 1172 1354 ciabis,
1220 1301 1332 1346 01010
1378 1300 1566 1344 condies
1609 1303 1656 1343 et
1688 1312 1763 1343 00-

1014 1375 1141 1419 ques,
1175 1361 1249 1406 vel
1282 1374 1429 1416 aeque
1461 1373 1631 1404 novum
1664 1372 1763 1402 ver-

1013 1423 1121 1466 bum
1156 1421 1402 1465 cucabis
1431 1433 1511 1464 seu
1544 1418 1763 1463 cicabis

1013 1495 1124 1526 sucu
1158 1478 1234 1535 (cf.
1267 1481 1372 1532 382)
1405 1493 1487 1524 0011
1528 1479 1651 1523 lacte
1683 1491 1763 1521 nu-

1015 1542 1079 1586 cis
1111 1540 1305 1587 indicae.
1342 1540 1414 1584 cui
1445 1552 1611 1582 nomen
1630 1539 1763 1585 κοῦκι,

1014 1613 1130 1657 quae
1165 1598 1577 1644 commendabilem
1604 1610 1763 1642 sucum

1013 1674 1068 1704 ex
1102 1663 1288 1704 austero
1333 1659 1513 1702 dulcem
1554 1657 1763 1713 praebet,

1012 1720 1128 1763 Plin.
1166 1720 1234 1770 13,
1268 1719 1338 1760 62.
1372 1717 1497 1761 Kolb
1520 1717 1764 1761 Bromato-

1014 1779 1108 1834 log.
1142 1780 1168 1822 2
1186 1792 1229 1834 p.
1251 1776 1499 1822 382—385.
1535 1789 1674 1832 supra
1694 1775 1763 1819 10.

1013 1839 1210 1894 primum
1248 1838 1293 1882 in
1326 1836 1464 1887 lacte,
1505 1840 1674 1891 postea
1717 1835 1761 1878 in

1014 1911 1136 1954 aqua
1169 1897 1395 1953 coquitur.
1444 1896 1502 1940 de
1535 1893 1765 1951 coquendi

1014 1958 1194 2001 ratione
1227 1957 1272 2001 in
1321 1968 1444 2012 aqua
1478 1955 1629 1999 calida
1663 1955 1761 1996 121.

1016 2042 1069 2048 —-
1103 2029 1335 2060 sursum
1369 2014 1485 2067 ῥ’ὃθκ
1515 2040 1566 2044 -
1601 2013 1764 2056 favo-

1014 2076 1223 2120 siores.
1259 2078 1326 2116 θκ.
1364 2099 1417 2106 -
1438 2074 1649 2118 codicum
1683 2085 1764 2127 op-

1014 2135 1151 2178 timus
1217 2138 1247 2186 β
1304 2135 1393 2178 sic:
1452 2132 1764 2177 summitas

1015 2194 1389 2238 callosiores
1433 2192 1646 2237 reddes
1681 2204 1765 2234 cu-

1015 2253 1290 2297 curbitas
1322 2256 1557 2309 gustum
1598 2250 1764 2294 decu-

1016 2313 1305 2356 curbatas
1409 2310 1764 2355 cucurbitas

1015 2377 1223 2415 coctas
1256 2372 1414 2426 sicque
1453 2370 1549 2414 fere
1583 2381 1763 2413 omnes:

1014 2431 1360 2474 summittes
1394 2429 1529 2473 call.
1554 2428 1764 2472 reddes

1016 2503 1131 2533 cuc.
1166 2504 1209 2545 g.
1245 2489 1599 2533 cucurbitas
1643 2499 1765 2530 coc-

1014 2553 1123 2599 tas,
1172 2562 1287 2592 unus
1332 2560 1387 2591 πε
1431 2547 1764 2592 submittas

1016 2607 1147 2651 call.
1182 2608 1359 2651 redas
1393 2620 1508 2650 cuc.
1543 2609 1764 2661 gustum

1015 2667 1083 2710 de
1118 2666 1456 2710 cucurbitis
1500 2663 1764 2709 cucurbi-

1015 2731 1105 2769 tas
1169 2730 1389 2770 coctas.
1453 2738 1545 2768 non
1602 2723 1764 2767 mirum

1015 2785 1153 2840 quod.
1173 2785 1306 2828 Hum.
1325 2788 1435 2839 post
1451 2783 1760 2835 „summittes“

1014 2856 1183 2888 novam
1218 2843 1601 2897 compositionem
1631 2853 1763 2884 orsus

1015 2903 1200 2958 scripsit
1233 2901 1611 2946 Cucurbitae.
1647 2898 1764 2944 Gal-

1016 2962 1284 3007 losiores
1316 2960 1537 3008 reddes
1571 2970 1764 3008 cucur-
