2098 3470
623 329 721 374 Lib.
755 329 877 373 VIII.
943 329 1186 385 Tetrapus.
1590 329 1694 381 163

109 483 242 532 cum,
274 464 534 530 ciminum,
576 467 807 516 mentam
848 461 1060 527 siccam,
1102 461 1300 528 timum,
1332 459 1456 527 silfi,
1498 460 1694 514 suffun-

109 540 203 592 des
232 539 382 605 vino,
425 538 626 590 adicies
668 537 993 589 damascena
1021 540 1307 601 macerata,
1348 535 1468 601 mel,
1499 536 1693 601 vinum,

107 614 391 678 liquamen,
434 617 659 676 acetum,
700 627 917 678 passum
958 609 1028 660 ad
1069 609 1318 675 colorem,
1362 609 1555 675 oleum,
1583 609 1694 676 agi-

107 686 243 739 tabis
283 685 537 738 fasciculo
581 685 786 750 origani
828 688 879 736 et
917 688 1127 735 mentae
1167 683 1360 736 siccae.

221 760 344 812 353.
387 761 475 811 Ius
503 759 557 810 in
583 758 951 811 venationibus
983 757 1225 809 omnibus
1259 757 1410 808 elixis
1453 761 1504 810 et
1531 756 1694 810 assis:

107 833 308 903 piperis
362 833 620 900 scripulos
672 832 819 883 VIII.
875 835 1062 897 rutam,
1116 830 1418 897 ligisticum,
1473 831 1562 898 api
1615 847 1696 883 se-

109 924 246 973 men,
287 906 601 975 iuniperum,
654 905 853 971 timum,
890 909 1122 957 mentam
1158 903 1383 970 aridam,
1437 904 1696 972 scripulos
1771 928 1774 931 ·

110 997 284 1047 senOS,
326 979 489 1048 puleii
530 979 787 1050 scripulos
828 980 923 1030 III.
966 978 1102 1031 haec
1144 978 1319 1030 omnia
1372 977 1442 1030 ad
1493 978 1697 1031 levissi-

109 1072 247 1107 mum
289 1054 564 1122 pulverem
603 1053 818 1120 rediges
861 1058 912 1106 et
949 1052 1004 1104 in
1044 1069 1148 1104 uno
1191 1052 1487 1105 conmisces
1531 1057 1582 1106 et
1622 1057 1695 1105 te-

109 1146 212 1182 res.
256 1128 456 1181 adicies
497 1128 550 1180 in
590 1128 878 1193 vasculum,
921 1127 1077 1179 melle
1119 1126 1264 1195 quod
1312 1126 1440 1179 satis
1495 1131 1588 1180 est.
1647 1132 1700 1179 et

109 1203 190 1255 his
230 1202 391 1255 uteris
432 1218 549 1255 cum
590 1201 828 1268 exigar-o,

223 1276 345 1329 354.
388 1277 476 1328 Ius
516 1275 769 1343 frigidum
807 1275 861 1328 in
902 1273 1135 1328 ovifcro:
1177 1274 1347 1344 piper,
1388 1272 1694 1341 ligisticum,

110 1351 308 1416 timum,
353 1350 598 1404 ciminum
636 1349 860 1416 frictum,
914 1349 1133 1402 nucleos
1173 1353 1357 1416 tostOS,
1412 1348 1532 1416 mel,
1576 1365 1698 1402 ace-

112 1430 236 1491 tum,
276 1426 543 1491 liquamen
585 1429 636 1476 et
677 1424 865 1478 oleum.
905 1425 1059 1494 piper
1097 1423 1361 1491 aspargis.

225 1500 347 1551 355.
390 1498 703 1550 ἮῒυΙίΠει
742 1498 984 1550 fricta:
1038 1497 1209 1568 piper,
1250 1497 1553 1564 ligisticum,
1611 1496 1702 1565 api

113 1589 312 1639 semen,
369 1572 630 1639 ciminum,
687 1572 979 1639 origanum,
1033 1588 1223 1642 cepam
1277 1572 1490 1638 siccam,
1543 1587 1701 1623 uvam

113 1663 346 1717 passam,
387 1647 508 1714 mel,
551 1650 776 1714 acetum,
818 1647 1013 1713 vinum,
1054 1645 1340 1712 liquamen,
1383 1645 1574 1713 oleum,
1611 1645 1701 1698 de-

111 1721 337 1775 frictum.

228 1795 350 1847 356.
405 1794 691 1847 Vitulinam
730 1793 843 1846 sive
882 1791 1135 1846 bubulam
1175 1809 1294 1846 cum
1334 1792 1523 1864 porriS,
1579 1792 1701 1846 sita-

116 1870 229 1922 neis
273 1867 391 1940 [vel]
435 1869 581 1938 cepis
621 1869 707 1921 vel
748 1868 1043 1935 colocasiis,
1083 1867 1369 1936 liquamen,
1414 1867 1584 1938 piper,
1628 1867 1704 1920 la-

117 1960 204 1995 sar
245 1948 296 1996 et
335 1942 437 1995 olei
477 1941 759 1995 modicum.

117 2074 290 2118 habent
335 2073 450 2126 „hoc
492 2078 564 2118 est
596 2074 695 2117 ovis
728 2073 864 2117 silva-

956 2077 1047 2124 tae,
1091 2073 1340 2117 insularum
1385 2073 1706 2130 Archipelagi,

118 2135 254 2177 tica“.
287 2147 377 2176 non
412 2133 650 2176 disiunctis
673 2133 866 2176 vocibus

956 2133 1220 2189 Hungariae
1238 2133 1618 2189 Wallachiaeque
1637 2147 1709 2177 us-

118 2194 166 2236 id
213 2192 423 2236 animalis
469 2205 636 2236 nomen
689 2193 865 2247 scripsi,

119 2257 170 2295 ut
202 2252 421 2306 scriptum
456 2256 526 2294 est
548 2252 593 2294 in
614 2249 767 2295 Gloss.
789 2251 864 2294 Gr.

121 2310 344 2366 πρόβατον
374 2311 519 2365 ἄγριον
552 2309 700 2354 OVifer
727 2314 774 2354 et
792 2322 864 2364 ap.

120 2370 236 2412 Plin.
272 2370 342 2420 28,
367 2370 462 2412 159.
487 2370 584 2413 197.
619 2368 867 2425 equiferus,

122 2429 210 2472 etsi
241 2428 455 2483 legantur
488 2441 599 2471 oves
632 2428 758 2472 ferae
791 2440 865 2482 ap.

121 2487 155 2529 I.
191 2487 388 2541 Capitol.
411 2486 552 2530 Gord.
572 2487 677 2530 trib.
699 2489 741 2531 3.
774 2487 868 2530 Vo-

123 2546 236 2601 pisc.
270 2546 315 2588 in
347 2545 484 2589 Prob.
523 2546 588 2588 19.
635 2546 735 2589 ovis
769 2544 868 2589 fera

123 2618 195 2660 ap.
229 2605 348 2651 Plin.
381 2605 422 2655 8,
456 2604 524 2647 69.
556 2609 717 2648 contra
746 2603 870 2648 ferus

123 2677 236 2719 aper
276 2676 349 2719 ap.
396 2663 584 2707 Sueten.
629 2663 754 2720 Aug.
798 2663 870 2707 67.

123 2722 207 2767 feri
251 2736 355 2767 sues
388 2735 460 2778 ap.
497 2723 612 2766 Plin.
648 2724 689 2774 8,
722 2737 757 2767 s.
801 2723 870 2765 78.

125 2788 197 2826 est
229 2783 505 2837 strepiceros
527 2782 664 2825 Plinii
693 2784 760 2834 11,
777 2781 875 2825 124.

125 2842 166 2892 8,
200 2842 299 2884 214.
333 2841 515 2897 vulgari
535 2842 695 2892 maior,
730 2842 877 2886 corni-

127 2901 212 2944 bus
238 2900 420 2948 erecffis.
449 2901 633 2944 intortis
652 2901 749 2945 sive
769 2914 876 2944 con-

129 2959 280 3012 tortis,
297 2959 514 3003 habitans
535 2964 750 3004 montosa
774 2960 879 3003 Cre÷=

959 2204 1046 2247 que
1079 2192 1140 2235 ad
1173 2192 1426 2236 Austriam.
1492 2191 1547 2236 cf.
1592 2192 1711 2235 Link

958 2251 1134 2295 Urwelt
1156 2253 1190 2293 l.
1210 2264 1255 2306 p.
1275 2252 1527 2295 381—385.
1563 2251 1710 2307 Voigt

959 2310 1152 2366 Zoolog:
1202 2312 1235 2359 l,
1280 2324 1324 2365 p.
1368 2311 1620 2354 407—410.
1657 2334 1710 2340 —·-

959 2368 1097 2412 silfi
1131 2369 1266 2413 codd.
1300 2370 1370 2413 35.

1049 2429 1111 2471 ad
1141 2429 1239 2471 353.
1283 2432 1447 2473 teres
1481 2428 1711 2483 displicet,

958 2487 1113 2530 malim
1132 2491 1443 2542 temperes.
1466 2488 1712 2531 —melle

960 2550 1007 2589 et
1038 2546 1149 2590 mel
1192 2546 1326 2590 codd.
1361 2547 1422 2591 ad
1454 2547 1711 2591 ablativum

960 2605 1179 2660 suppleas
1212 2605 1335 2649 mitis
1372 2606 1470 2650 197.

1050 2664 1111 2707 ad
1143 2664 1242 2707 356.
1306 2678 1392 2720 pro
1434 2664 1716 2709 cidaneis

965 2722 1041 2767 vel
1085 2723 1360 2768 cidoneis
1405 2724 1539 2768 codd.
1583 2724 1628 2767 in
1662 2727 1719 2764 θκ

966 2783 1145 2834 lacuna,
1165 2796 1279 2827 corr.
1298 2797 1319 2827 s
1334 2783 1573 2835 itaneis,
1593 2783 1719 2839 quod

969 2854 1110 2897 cepae
1142 2855 1288 2898 genus
1332 2848 1379 2887 et
1411 2843 1591 2887 setania
1623 2842 1717 2886 dic-

968 2906 1066 2944 tum
1100 2901 1159 2945 ob
1193 2902 1479 2946 vicinitatem
1498 2902 1599 2946 soni
1618 2915 1719 2946 cum

969 2960 1060 3004 illis
1104 2961 1251 3017 iisque
1294 2962 1554 3006 notioribus
1586 2962 1720 3005 malis
