2098 3470
376 286 478 338 162
880 285 978 329 Lib.
1012 285 1135 329 VIII.
1170 284 1412 340 'I‘etrapus

371 422 462 470 aut
500 416 785 483 amigdala,
828 416 947 481 mel,
989 422 1213 483 acetum,
1243 418 1437 483 vinum,
1470 418 1643 470 oleum
1669 418 1954 486 modicum,

369 491 637 558 liquamen
679 495 730 543 et
770 490 998 556 agitabis
1041 493 1388 544 embambam.

483 565 606 616 347.
651 565 713 615 In
754 563 1019 616 cervinam
1071 582 1275 618 assam:
1331 565 1500 632 piper,
1556 563 1953 632 nardostatium,

369 636 570 704 folium,
613 637 703 705 api
743 653 941 703 semen,
984 655 1174 706 cepam
1214 638 1435 703 aridam,
1492 642 1663 689 rutam
1715 637 1953 706 viridem,

370 712 491 778 mel,
532 716 758 775 acetum,
812 710 1097 779 liquamen,
1163 712 1430 765 adiectum
1484 711 1732 778 cariotae,
1800 728 1958 764 uvam

371 801 587 856 passam
631 789 682 838 et
722 784 912 837 oleum.

482 859 606 911 348.
652 858 818 911 Aliter
857 858 910 910 in
952 875 1163 911 cer-vum
1204 874 1380 911 assum
1421 858 1537 910 iura
1562 856 1846 911 ferventia:
1881 858 1959 927 pi-

369 949 482 1000 per,
522 932 823 999 ligisticum,
865 931 1244 1001 petresilinum,
1299 932 1622 985 damascena
1673 938 1958 999 macerata,

370 1006 564 1074 vinum,
595 1007 714 1072 mel,
745 1011 970 1072 acetum,
999 1005 1283 1071 liquamen,
1324 1007 1498 1059 oleum
1525 1004 1805 1058 modicum.
1849 1007 1961 1073 agi-

370 1080 508 1133 tabis
548 1096 706 1147 porro
751 1084 801 1132 et
841 1079 1087 1132 satureia.

485 1155 609 1207 349.
634 1155 747 1206 Ius
774 1154 838 1205 in
862 1169 1151 1221 caprea:
1185 1153 1357 1221 piper,
1392 1151 1693 1219 ligisticum,
1731 1169 1960 1220 careum,

373 1227 635 1295 ciminum,
691 1227 1075 1296 petrosilinum,
1135 1236 1284 1280 rutae
1325 1243 1524 1294 semen,
1578 1226 1699 1293 mel,
1743 1242 1960 1294 senape,

372 1306 599 1368 acetum,
640 1302 905 1368 liquamen
949 1306 1000 1354 et
1041 1302 1227 1354 oleum⁴

490 1376 612 1431 350.
661 1377 749 1428 Ius
788 1375 841 1427 in
882 1392 1079 1443 caprea
1118 1391 1270 1428 assa:
1325 1374 1495 1445 piper,
1552 1373 1961 1439 condimentum,

377 1455 563 1517 rutam,
606 1467 812 1520 cepam,
854 1450 975 1516 mel,
1015 1449 1301 1515 liquamen,
1350 1465 1584 1516 passum,
1641 1448 1811 1500 oleum
1853 1465 1962 1499 mo-

378 1525 568 1590 dicum,
611 1524 839 1576 amolum
882 1540 999 1576 cum
1039 1523 1145 1575 iam
1185 1524 1346 1576 bullit.

490 1599 613 1651 351.
658 1597 825 1650 Aliter
863 1597 943 1650 ius
983 1597 1037 1648 in
1078 1614 1302 1665 caprea:
1344 1595 1513 1665 piper,
1553 1594 1960 1661 condimentum,

379 1670 776 1742 [petrosilinum]
820 1671 1098 1737 origanum
1137 1670 1420 1735 modicum,
1450 1674 1635 1735 rutam,
1678 1669 1961 1735 liquamen,

377 1746 496 1813 mel,
538 1762 754 1815 passum
798 1750 850 1798 et
890 1745 993 1796 olei
1033 1744 1315 1807 modicum,
1358 1744 1531 1795 amolo
1574 1742 1853 1808 obligabis

489 1820 613 1873 352.
658 1821 769 1872 Ius
809 1819 874 1871 in
917 1818 1190 1871 ovifero
1225 1818 1537 1871 fervens:
1580 1817 1750 1885 piper,
1779 1816 1961 1883 ligisti-

375 1970 427 2010 111
473 1966 533 2009 311
594 1965 849 2021 „agitabis“
905 1965 1124 2021 suppleas

374 2039 513 2081 porro
555 2030 602 2068 et
644 2026 846 2069 satureia
888 2024 988 2068 348.
1022 2025 1123 2068 352.

373 2085 473 2128 375.
519 2084 822 2129 ebambam
874 2096 975 2139 par.
1016 2097 1123 2127 em-

378 2143 582 2188 bebam
616 2143 688 2188 ed.
722 2157 788 2198 pr.
823 2155 993 2199 graeca
1030 2155 1123 2186 vox

373 2216 430 2246 ex
461 2202 607 2246 latina
640 2203 964 2253 declinatione,
1009 2201 1120 2245 alibi

373 2275 558 2365 {¹333ssss
600 2261 978 2364 aviri‘fffflffiffpii
1010 2261 1120 2375 1333·

373 2394 415 2435 p.
434 2381 529 2423 123.
554 2381 648 2423 126.
669 2379 874 2424 Hildebr.
895 2379 956 2422 ad
974 2379 1117 2434 Apul.

373 2444 481 2483 met.
516 2440 557 2490 2,
592 2440 630 2483 7.
663 2452 708 2494 p.
742 2439 813 2482 89.
847 2439 917 2482 90.

463 2498 525 2541 ad
556 2498 658 2542 347.
701 2497 1122 2541 nardostatum

372 2556 1119 2614 pannardostachyumHum.

372 2617 473 2660 282.
528 2641 580 2645 -—
643 2616 936 2660 cariotam
986 2615 1121 2658 codd.

371 2675 678 2720 adiectum
741 2688 960 2731 pugnum,
1028 2687 1121 2717 ma-

370 2747 522 2786 nuam,
554 2733 685 2779 wurf.
715 2734 1013 2779 adiectam
1048 2733 1118 2778 ed.

370 2807 436 2850 pr.
471 2793 742 2838 adiectas
775 2795 831 2838 H.

461 2853 521 2897 ad
553 2853 653 2897 348.
687 2853 743 2896 in
779 2866 1006 2897 cervum
1039 2863 1120 2895 as-

371 2926 483 2958 sum
516 2912 588 2958 ed.
622 2926 688 2970 pr.
725 2913 779 2956 H.
814 2926 898 2969 pro
925 2912 980 2955 in
1006 2923 1120 2954 eer-

1216 1979 1286 2010 vo
1320 1965 1375 2008 in
1407 1976 1601 2009 assum
1644 1965 1719 2009 vel
1751 1965 1803 2008 in
1838 1977 1959 2008 cer-

1214 2039 1283 2069 vo
1317 2037 1468 2068 asso.
1492 2050 1540 2053 ---
1562 2037 1745 2078 porro
1770 2028 1825 2068 61
1850 2027 1958 2067 531.

1213 2089 1266 2128 111
1298 2084 1398 2127 282.

1303 2143 1364 2186 ad.
1395 2142 1497 2185 349.
1561 2155 1740 2198 capra
1773 2141 1793 2189 ζ
1834 2146 1882 2185 et
1913 2141 1960 2184 in

1212 2202 1303 2246 ind.
1346 2201 1531 2256 capitul.
1566 2218 1605 2256 y.
1649 2201 1810 2245 eadem
1854 2213 1959 2244 con-

1211 2260 1348 2305 fusio.
1383 2260 1513 2304 Caes.
1547 2260 1590 2304 b.
1622 2273 1667 2315 g.
1688 2260 1728 2311 6,
1757 2259 1826 2302 27.
1860 2259 1958 2302 Liv.

1215 2322 1256 2372 1,
1308 2321 1375 2371 16,
1426 2321 1464 2362 1.
1514 2318 1702 2365 Sueton.
1749 2318 1850 2362 Tib.
1886 2317 1957 2361 45.

1210 2379 1416 2423 Hildebr.
1451 2377 1512 2420 ad
1543 2377 1686 2433 Apul.
1721 2381 1829 2421 met.
1858 2377 1899 2428 8,
1916 2376 1957 2419 4.

1210 2452 1256 2493 p.
1300 2438 1398 2481 649.
1444 2437 1542 2480 650.
1591 2463 1643 2466 -—
1690 2448 1958 2480 carenum

1213 2510 1309 2553 par.
1373 2497 1419 2540 in
1468 2509 1558 2552 quo
1607 2509 1697 2539 uno
1740 2495 1830 2539 vel
1873 2508 1957 2550 pro

1212 2556 1336 2600 mel.

1301 2614 1363 2658 ad
1394 2614 1492 2658 350.
1542 2613 1727 2657 aliter
1759 2613 1845 2656 ius
1887 2612 1959 2656 ed.

1212 2687 1278 2729 pr.
1313 2674 1367 2716 H.
1390 2698 1442 2702 -—
1467 2686 1587 2716 cum
1619 2672 1959 2726 absorptum

1213 2732 1374 2776 addidi
1415 2745 1471 2775 ex
1517 2732 1617 2775 345.
1658 2730 1882 2774 bulliet
1920 2727 1957 2772 ὃ.

1210 2791 1468 2836 bullient
1502 2791 1531 2838 ζ.

1299 2849 1361 2894 311
1392 2850 1491 2893 352.
1552 2849 1737 2893 codices
1774 2851 1959 2903 praeter

1210 2923 1310 2967 par.
1343 2914 1453 2966 post
1487 2908 1719 2963 „ovifero“
1750 2906 1959 2953 scholion
