2098 3470
718 324 815 371 Lib.
850 325 928 371 III.
993 325 1209 384 Cepuros.
1692 329 1763 382 53

177 464 330 513 nutas
384 464 435 513 et
472 476 659 528 porros
698 460 965 527 requietos
1007 460 1247 526 elixabis,
1296 462 1349 512 in
1402 466 1596 529 patena
1640 478 1763 514 con-

176 552 359 604 pones.
414 540 553 588 teres
606 535 774 603 piper,
830 535 1092 601 ciminum,
1147 535 1420 588 suffundes
1479 536 1763 603 liquamen,

176 626 409 678 passum,
450 615 505 661 ut
545 609 808 675 quaedam
850 609 1075 661 dulcedo
1118 610 1196 661 sit.
1238 608 1406 661 facias
1448 615 1502 661 ut
1543 609 1763 676 ferveat,

178 700 295 735 cum
336 683 600 748 fervuerit,
641 683 866 743 inferes„
899 683 1137 735 similiter
1175 682 1503 750 polipodiurn
1544 683 1599 736 in
1632 683 1764 752 tepi-

177 756 298 808 dam
350 757 539 820 mitteS,
594 757 681 809 ubi
721 757 980 822 mollierit,
1033 757 1191 809 rades
1246 762 1296 808 et
1335 757 1586 808 minutum
1649 774 1766 810 cum

174 835 361 902 pipere
403 838 454 886 et
495 831 684 885 cimino
724 832 901 884 tritum
940 831 992 883 in
1032 837 1283 901 patenam
1325 830 1618 885 ferventem
1653 832 1766 885 mit-

175 914 254 963 tes
281 913 350 966 <et
389 907 563 960 uteris.

288 984 372 1036 63.
415 981 582 1035 Aliter
609 979 679 1032 ad
713 990 980 1033 Ventrem:
1023 979 1205 1033 faeces
1243 978 1566 1032 betaciorum
1601 978 1767 1032 facies

177 1057 401 1124 detergi,
442 1074 509 1108 ne
550 1056 714 1119 laves,
755 1055 807 1106 in
851 1071 942 1107 eos
981 1055 1035 1106 in
1075 1053 1307 1107 medium
1341 1052 1549 1119 nigrum
1583 1069 1766 1121 aspar-

177 1149 273 1198 ges
327 1137 379 1185 et
431 1130 642 1196 alligas,
697 1130 934 1196 singulos
987 1128 1162 1181 fasces
1213 1127 1405 1192 mitteS,
1446 1127 1502 1178 in
1541 1144 1769 1193 aequam

180 1223 294 1259 cum
337 1205 562 1271 coxeriS,
606 1203 823 1258 condies
864 1208 1133 1272 patenam,
1177 1219 1294 1255 cum
1329 1200 1517 1256 eadem
1552 1217 1770 1270 passum

180 1367 337 1412 mittes
373 1372 419 1412 et
453 1373 610 1413 coctas
644 1382 744 1413 cum
778 1382 833 1413 eo
866 1369 932 1413 in-

179 1427 312 1471 feres.
360 1428 427 1472 sic
462 1428 527 1471 73.
577 1429 842 1473 cucurbitae
886 1429 931 1472 in

179 1486 339 1542 patina
372 1486 639 1534 inferuntur.
676 1489 835 1543 quales
863 1487 930 1531 di-

180 1550 288 1589 cunt
334 1547 611 1600 patinarias,
660 1548 929 1598 iurulentae,

181 1604 347 1649 Graeci
388 1604 434 1646 ἒν
475 1604 654 1660 τηγάνῳ,
699 1605 743 1647 ἓν
775 1604 930 1647 λοπάδι

180 1665 479 1716 σκευαζομένας
527 1691 580 1696 -
629 1667 840 1721 patina
883 1670 930 1710 et

177 1727 402 1778 patena
445 1737 469 1767 e
501 1725 630 1768 varia
661 1727 928 1781 pronuntia-

179 1782 308 1826 tione
340 1783 569 1834 scribitur,
603 1789 650 1828 et
682 1786 737 1828 63
773 1786 827 1828 72
853 1799 925 1840 ap.

184 1841 358 1885 Colum.
398 1844 466 1893 12,
485 1842 556 1892 44,
573 1844 613 1886 3.
649 1843 704 1887 cf.
729 1844 925 1888 Phaedr.

180 1900 251 1951 26,
283 1900 323 1943 4.
373 1901 450 1946 ubi
483 1902 647 1957 vulpes
678 1904 724 1946 in
756 1909 928 1958 patena

181 1958 403 2014 liquidam
437 1962 594 2015 posuit
611 1963 924 2007 sorbitionem.

180 2022 232 2060 nt
265 2023 427 2072 patera
458 2034 624 2064 nomen
644 2021 927 2077 habetapa-

184 2077 386 2121 tentibus
421 2079 740 2135 dispansisque
783 2081 926 2125 labris

181 2141 227 2179 et
262 2135 317 2178 cf.
353 2136 529 2190 πατάνη.
568 2164 620 2170 -
669 2154 754 2194 pro
795 2141 926 2184 dul-

175 2195 323 2239 cedo
356 2196 401 2238 in
434 2197 581 2241 tribus
616 2200 749 2243 codd.
786 2204 833 2243 et
854 2201 923 2244 ed.

173 2267 239 2308 pr.
295 2255 572 2300 ducenda.
626 2284 677 2287 —
722 2259 776 2301 in
810 2264 922 2314 tep.

173 2312 388 2357 mittes
420 2315 580 2369 tepida
612 2329 735 2371 aqua
767 2319 925 2362 made-

175 2371 332 2422 facies‚
378 2373 493 2417 Plin.
540 2376 610 2425 26,
654 2377 725 2419 58.
769 2390 792 2420 e
833 2391 923 2433 quo

174 2435 309 2484 patet
359 2433 633 2484 ‚,minutum“
696 2449 796 2478 cum
844 2451 924 2480 no—

174 2492 294 2533 mine
317 2491 672 2548 „polypodium“
699 2508 800 2538 esse
826 2495 923 2538 iun-

172 2549 384 2603 gendum.
411 2576 463 2579 -—
495 2551 767 2596 ciminum
786 2554 922 2598 codd.

175 2632 217 2636 —
271 2608 324 2650 in
371 2613 643 2663 patenam
686 2612 732 2654 in
774 2613 923 2667 ipsum

174 2663 394 2709 ferculum
429 2681 462 2710 s.
500 2668 648 2712 cibum
676 2670 722 2712 in
752 2677 923 2726 patena

173 2730 369 2775 coctum,
416 2725 780 2783 pfannegericht.
829 2744 921 2774 non

173 2783 319 2826 minus
352 2797 492 2841 saepe
524 2800 681 2830 mensa
713 2789 814 2843 ipso
834 2803 918 2844 pro

174 2840 327 2885 edulio
370 2849 440 2886 est
481 2850 528 2888 et
560 2845 756 2900 τράπεζα.
820 2847 919 2895 Ian.

173 2899 235 2941 ad
265 2900 465 2946 Macrob.
500 2908 586 2946 sat.
616 2905 714 2956 7‚1‚
737 2907 773 2949 1.
825 2907 920 2952 Sei-

174 2956 241 3001 ler
272 2959 333 3003 ad
368 2961 514 3016 Long.
546 2963 588 3018 3,
611 2963 653 3013 7,

1113 1366 1174 1410 ad
1207 1367 1276 1411 63.
1325 1364 1449 1408 Tota
1492 1363 1770 1420 compositio

1025 1425 1158 1470 deest
1190 1427 1235 1469 in
1268 1424 1338 1469 ed.
1375 1437 1440 1479 pr.
1484 1423 1648 1467 addita
1680 1424 1771 1467 iam

1022 1486 1081 1528 ab
1115 1486 1250 1532 Hum.
1285 1484 1412 1527 cuius
1436 1483 1670 1526 inventum
1696 1482 1718 1525 f
1725 1495 1771 1526 a-

1023 1545 1143 1588 cies
1207 1545 1584 1588 betaceorum
1655 1541 1771 1585 fas-

1022 1617 1129 1654 ces,
1164 1604 1464 1658 deterges,
1498 1601 1678 1652 laves,
1713 1602 1770 1644 in

1019 1676 1219 1707 eorum
1262 1661 1517 1706 medium
1550 1661 1770 1703 nitrum

1020 1735 1077 1766 as
1091 1736 1134 1778 p.
1154 1723 1318 1766 rideas.
1340 1720 1550 1764 codicum
1572 1718 1767 1772 „facies“

1021 1782 1283 1831 tenendum,
1298 1780 1382 1824 sed
1400 1793 1556 1822 eorum
1577 1777 1633 1821 fa
1647 1779 1735 1822 cie
1748 1792 1769 1822 s

1020 1840 1151 1895 <facit
1204 1843 1252 1893 π)
1303 1838 1516 1882 mendum
1566 1843 1636 1881 est
1684 1851 1768 1893 pro

1019 1899 1239 1951 faeces,
1284 1899 1382 1942 vult
1425 1898 1544 1941 enim
1581 1897 1769 1949 „sordes

1019 1960 1236 2016 absterge
1266 1972 1348 2002 seu
1378 1963 1581 2011 amputa,
1615 1955 1769 2000 faecu-

1018 2019 1208 2062 lentiam
1222 2018 1351 2068 tolle,
1366 2015 1601 2061 schlamm.
1618 2015 1647 2059 b
1660 2028 1683 2059 e
1694 2020 1768 2058 ta-

1020 2079 1238 2122 ciorum
1258 2091 1313 2121 ex
1330 2081 1372 2127 β.
1395 2076 1531 2119 beta
1549 2079 1579 2117 t.
1605 2075 1651 2117 in
1666 2074 1768 2118 reli-

1020 2138 1135 2192 quis,
1154 2138 1310 2192 sicque
1329 2135 1510 2178 variant
1541 2135 1608 2176 64.
1630 2133 1769 2177 scribi

1018 2201 1238 2251 oportere
1262 2195 1516 2250 puleiacius
1546 2197 1593 2236 et
1624 2194 1769 2247 pasti-

1017 2257 1174 2298 nacius
1224 2268 1295 2309 ap.
1347 2254 1538 2297 Salmas.
1583 2252 1628 2294 in
1671 2251 1764 2295 Sol.

1016 2328 1058 2369 p.
1092 2315 1191 2358 583.
1222 2316 1262 2357 b.
1282 2312 1536 2356 malvacius
1555 2323 1630 2365 ap.
1650 2311 1767 2354 Plin.

1017 2375 1088 2427 21,
1127 2375 1191 2417 19.
1228 2372 1447 2416 Priscian.
1481 2372 1507 2413 3
1536 2365 1612 2412 fin.
1647 2370 1767 2424 rapi-

1017 2433 1113 2476 cius
1147 2446 1227 2476 seu
1246 2431 1459 2486 rapacius
1482 2442 1555 2484 ap.
1577 2428 1663 2471 Cat
1694 2429 1765 2479 35,

1016 2493 1055 2534 2.
1095 2492 1194 2540 134,
1230 2493 1268 2534 1.
1302 2491 1420 2535 Plin.
1459 2489 1524 2537 18.
1561 2489 1644 2529 127
1703 2487 1766 2531 al.

1015 2551 1095 2594 alii
1127 2554 1416 2594 monuerunt.
1458 2551 1564 2590 sunt
1586 2546 1766 2590 radices

1016 2614 1062 2653 et
1106 2607 1250 2653 fibrae
1295 2609 1435 2652 betae
1468 2605 1674 2661 vulgaris
1721 2606 1767 2648 in

1014 2668 1162 2712 hortis
1193 2668 1358 2718 cultae,
1388 2665 1521 2709 rothe
1554 2664 1683 2708 riibe.
1710 2689 1765 2696 —

1015 2741 1069 2771 ex
1103 2741 1298 2771 eoru-m
1331 2725 1419 2770 feci
1462 2737 1562 2769 eos
1604 2724 1674 2774 in,
1714 2727 1767 2767 ut

1016 2788 1087 2839 „in
1118 2787 1345 2831 medium“
1381 2798 1464 2829 seu
1492 2785 1563 2837 „in
1581 2783 1761 2827 medio“

1012 2847 1072 2889 sit
1098 2846 1222 2901 quod
1250 2845 1501 2897 „interim“,
1533 2843 1762 2886 indessen.

1011 2905 1071 2948 ad
1104 2919 1131 2947 n
1146 2905 1159 2947 i
1173 2919 1204 2960 g
1217 2919 1237 2947 r
1249 2918 1331 2947 um
1351 2904 1537 2957 (nitrum
1554 2918 1611 2956 γπ
1628 2902 1763 2944 Hum.

1012 2965 1069 3009 cf.
1104 2964 1165 3007 ad
1199 2963 1373 3018 Gargil.
1409 2976 1498 3006 cur.
1533 2961 1673 3006 boum
1691 2962 1760 3004 23.
