2098 3470
386 306 457 360 74
912 309 1013 355 Lib.
1040 309 1117 354 IV.
1166 310 1441 357 Pandectes.

383 440 575 496 fundes
625 441 926 509 liquaminis
979 444 1171 497 ciatum
1222 461 1383 497 unum
1438 444 1632 517 [semis]
1689 452 1743 500 et
1788 464 1972 501 sucum

382 533 480 587 per
522 517 694 570 colum
736 518 952 571 colabis.
998 518 1235 586 accipies
1270 520 1536 572 cerebella
1562 521 1651 575 IV.
1692 522 1971 575 enervabis

386 595 440 644 et
478 595 620 644 teres
658 590 859 659 piperis
899 592 1160 659 scripulos
1200 593 1345 645 VIII.
1395 594 1667 647 suffundes
1717 612 1784 648 ex
1824 612 1967 662 01100,

382 663 616 730 fricabiS,
647 669 838 732 postea
866 682 969 718 ova
994 666 1137 720 VIII.
1166 665 1402 732 franges,
1437 667 1546 719 vini
1574 668 1766 721 ciatum
1793 686 1968 734 unum,

381 738 529 807 passi
583 738 774 791 ciatum
827 755 985 791 unum
1040 743 1092 791 et
1131 740 1235 792 olei
1273 740 1553 795 modicum.
1606 747 1797 810 postea
1835 742 1969 810 pati-

383 829 508 865 nam
545 828 852 881 perungues
894 818 946 866 et
985 830 1103 866 eam
1142 812 1367 881 inpones
1403 814 1579 868 cinere
1611 815 1786 868 calido
1817 816 1970 869 etsie

383 885 671 955 inpensam
710 902 874 954 supra
913 886 1166 955 scriptam
1203 887 1395 941 mittes.
1452 905 1568 941 cum
1623 894 1776 943 cocta
1814 889 1972 943 fuerit

379 959 435 1013 in
472 959 853 1028 termospodiO,
905 961 1109 1030 piperis
1161 962 1435 1029 pulverem
1486 978 1648 1031 super
1686 963 1970 1035 adspargis

382 1038 436 1090 et
471 1033 684 1089 inferes,

497 1110 617 1162 130.
688 1107 1005 1161 Patinam
1065 1107 1141 1162 de
1201 1109 1598 1162 cucurbita:

385 1183 554 1237 elixas
595 1188 648 1237 et
684 1182 867 1236 frictas
905 1182 960 1235 in
997 1183 1183 1251 patina
1217 1199 1508 1252 conpones,
1551 1184 1853 1250 ciminatum
1888 1201 1971 1238 su-

380 1257 692 1327 perfundeS‚
741 1256 952 1311 modico
1008 1257 1127 1311 oleo
1182 1273 1346 1325 super
1396 1257 1609 1311 adiecto
1648 1258 1856 1313 fervere
1893 1258 1972 1313 fa-

382 1331 493 1386 cias
534 1337 587 1386 01
623 1331 836 1385 inferes.

421 1405 425 1408 ’
497 1407 618 1460 131.
660 1404 908 1459 Ρ311113
948 1404 1028 1459 de
1069 1421 1274 1473 apua:
1316 1421 1510 1473 apuam
1550 1405 1718 1470 13ν30,
1762 1422 1828 1458 ex
1854 1407 1971 1459 oleo

384 1496 645 1547 maceras,
699 1480 754 1532 in
810 1496 1036 1532 cumana
1093 1495 1381 1547 conpones,
1433 1479 1636 1532 adicies
1676 1480 1865 1546 oleum,
1913 1480 1972 1532 li-

384 1570 630 1622 quamen,
670 1554 866 1621 vinum,
920 1553 1113 1621 alligas
1152 1552 1436 1607 fasciculos
1482 1561 1633 1606 rutae
1674 1559 1727 1606 et
1766 1553 1974 1622 origani

1673 1111 1972 1165 cucurbitas

382 1706 532 1746 tarum
575 1715 712 1747 sucus
756 1705 828 1746 est
871 1715 962 1758 quo
993 1701 1136 1745 maxi-

384 1775 457 1807 me
502 1762 726 1806 consistit.
772 1760 993 1805 librorum
1039 1765 1136 1814 „to-

382 1821 472 1866 ris“
507 1821 571 1865 nil
603 1821 730 1865 aliud
763 1821 850 1865 erit
880 1821 968 1865 nisi
1015 1825 1135 1872 „tor-

382 1881 472 1926 ris“
507 1881 534 1925 i.
561 1894 600 1925 e.
620 1881 809 1925 torridis
841 1880 1132 1931 carbonibus,

381 1940 501 1985 vivis
533 1940 736 1984 torribus
783 1939 958 1984 Valerii
990 1939 1058 1982 ΡΙ.
1091 1940 1133 1990 3,

382 1999 480 2043 115.
514 1999 588 2039 ἄπ’
618 1999 859 2051 ἀνθρακιᾶς,
891 2003 942 2042 ut
958 1998 1133 2043 habeas

379 2055 630 2114 ἆνθρακίὸα,
670 2059 822 2103 cibum
855 2070 993 2113 supra
1024 2071 1129 2113 pru-

379 2130 438 2161 na
481 2122 662 2162 coctum
704 2119 861 2174 sicque
899 2117 961 2160 ad
994 2117 1130 2161 eden-

380 2178 487 2221 dum
537 2177 730 2221 illatum.
796 2177 1006 2221 Clemens
1049 2175 1127 2219 Al.

378 2237 516 2291 paed.
560 2237 602 2287 3,
645 2238 686 2287 5,
719 2238 789 2279 31.
834 2237 954 2279 inter
996 2235 1129 2279 luxus

378 2296 685 2340 instrumenta
717 2293 939 2350 ἓσχαρίδας
969 2293 1130 2348 ἅνθρά-

379 2370 464 2394 κων
505 2358 716 2399 recenset
759 2359 806 2398 et
837 2353 1013 2398 Seneca
1044 2354 1128 2407 Ep.

379 2414 451 2465 95,
493 2414 562 2457 26.
609 2414 822 2457 irascitur
873 2413 1000 2468 quod
1041 2412 1132 2456 cibi

379 2473 438 2516 ab
480 2473 583 2528 ipso
628 2473 734 2528 igne
771 2473 818 2515 in
850 2485 903 2515 os
935 2470 1130 2514 transfe-

378 2535 554 2582 runtur,
590 2531 692 2575 coll.
729 2532 799 2582 78,
817 2532 886 2573 2⁶2.
920 2531 1028 2576 Nat.
1046 2529 1128 2581 Qu.

376 2591 420 2642 4,
454 2591 524 2642 13,
556 2591 596 2634 9.
643 2591 719 2646 qui
762 2594 814 2633 ut
852 2590 1001 2632 minus
1033 2602 1129 2632 mo-

376 2650 484 2694 lesti
517 2653 684 2700 essent,
717 2648 920 2692 luriones
945 2647 1130 2691 fuerunt

378 2709 457 2764 qui
498 2708 555 2751 iis
597 2706 944 2751 assuefacerent
985 2707 1128 2749 mani-

375 2767 462 2812 bus
503 2767 551 2810 in
592 2767 819 2810 calentem
851 2778 1018 2821 aquam
1053 2765 1129 2809 de-

376 2826 528 2869 missis
571 2829 619 2869 et
658 2839 739 2869 010
787 2838 929 2880 saepe
977 2824 1130 2868 calida

379 2884 567 2928 colluto.
603 2883 663 2928 cf.
693 2883 866 2928 Athen.
898 2884 938 2933 1,
971 2885 1010 2927 9.
1043 2895 1129 2927 nos

377 2943 438 2986 ad
482 2943 582 2986 408.
633 2968 687 2974 —
734 2956 819 2998 pro
867 2955 1039 2986 rosas
1081 2941 1128 2984 in

1227 1700 1356 1745 libris
1387 1705 1460 1744 est
1487 1700 1652 1751 rosis,
1683 1699 1805 1744 unde
1834 1701 1973 1745 corri-

1226 1773 1311 1816 gas
1343 1760 1555 1814 accipe
1585 1772 1651 1803 ex
1673 1760 1840 1811 rosis,
1865 1761 1973 1816 quia

1226 1820 1430 1876 optimae
1462 1823 1641 1863 tantum
1674 1820 1973 1864 sumebantur

1223 1880 1266 1923 4.
1313 1879 1509 1923 album
1551 1884 1603 1922 ut
1633 1878 1662 1921 4
1704 1883 1776 1923 est
1809 1880 1971 1935 unguis

1226 1939 1428 1983 candida
1457 1938 1594 1982 Plinii
1614 1939 1685 1989 21,
1711 1939 1809 1982 121.
1842 1937 1973 1988 λοβὸς

1226 1998 1404 2048 Galeni,
1446 1998 1547 2045 ὄνυξ
1589 1997 1746 2041 Diosc.
1787 1998 1828 2048 1,
1872 1998 1970 2042 130.

1222 2058 1299 2114 qui
1316 2058 1501 2111 χυλίζειν
1524 2055 1590 2096 δεῖ
1611 2055 1658 2096 τά
1685 2054 1827 2096 ἁπαλοὶ
1851 2056 1969 2097 ἄπο-

1222 2119 1479 2171 ψαλίσαντας
1509 2114 1590 2156 τὸν
1633 2116 1774 2170 ὄνυχα
1806 2115 1968 2157 καλού-

1219 2191 1353 2229 μενον
1386 2176 1495 2227 ὅπερ
1529 2174 1617 2215 ἐστὶ
1650 2174 1699 2216 τὸ
1735 2175 1887 2216 λευκόν
1916 2174 1967 2216 τὸ

1221 2234 1267 2275 ἓν
1297 2238 1356 2289 τῷ
1392 2234 1545 2288 φύλλῳ.
1592 2235 1774 2278 demere
1807 2234 1969 2278 eadem

1222 2295 1280 2338 de
1312 2308 1361 2337 10
1390 2306 1463 2348 ap.
1496 2293 1600 2336 Ael.
1629 2292 1781 2348 Spart.
1799 2294 1845 2336 in
1862 2292 1968 2338 Ael.

1221 2353 1327 2397 Ver.
1361 2353 1400 2395 5.
1446 2377 1499 2382 —
1542 2353 1722 2396 semis
1754 2353 1800 2395 in
1831 2352 1970 2407 pluri-

1219 2412 1306 2456 bus
1340 2412 1484 2459 deest.

1282 2471 1343 2514 ad
1365 2471 1461 2513 131.
1496 2482 1644 2525 apua
1666 2470 1868 2513 abuam
1890 2473 1966 2520 βθ.

1220 2529 1538 2584 apuabuam
1557 2529 1648 2583 γζπ.
1679 2529 1968 2583 apubuam

1220 2586 1258 2630 ὃ.
1292 2588 1672 2643 apabadiade
1716 2587 1787 2631 ed.
1819 2601 1885 2642 pr.
1921 2588 1968 2630 in

1221 2661 1312 2703 quo
1360 2651 1567 2690 monstro
1617 2646 1763 2689 latere
1809 2650 1968 2700 potest

1220 2705 1645 2761 apuabedrade
1702 2718 1784 2748 seu
1830 2717 1967 2758 apa-

1218 2763 1551 2814 bembrade,
1598 2768 1651 2807 ut
1696 2775 1818 2818 apua
1865 2764 1892 2806 i.
1926 2777 1966 2808 0.

1219 2822 1389 2879 aphya,
1430 2821 1558 2875 ἆφύη,
1600 2835 1746 2878 genus
1792 2822 1967 2866 minimi

1218 2882 1442 2936 pisciculi,
1514 2881 1660 2924 salmo
1723 2881 1966 2935 eperlanus

1218 2941 1316 2983 Lin.
1351 2940 1586 2996 spierling,
1617 2939 1826 2990 schmelt,
1865 2953 1966 2984 cum
