2098 3470
624 322 720 367 Lib.
745 321 802 371 V.
852 322 1069 379 OspreOS.
1592 319 1695 372 109

107 475 335 527 porrum,
391 456 741 523 coriandrum,
797 455 1013 509 coliclos
1066 454 1373 507 malvarum.
1430 451 1554 504 dum
1608 468 1693 504 co-

109 533 296 601 quitur,
349 538 490 585 teres
545 531 713 599 piper,
768 529 1070 596 ligisticum,
1127 528 1422 594 origanum,
1478 525 1697 579 feniculi

107 623 308 672 semen,
351 605 608 658 suffundis
647 605 915 671 liquamen
956 608 1007 656 et
1045 602 1243 655 vinum.
1297 601 1352 652 in
1387 601 1694 666 caccabum,

108 680 309 733 adicies
351 681 538 733 oleum.
584 695 702 732 cum
741 677 1009 743 fervuerit,
1053 676 1246 743 agitas.
1302 674 1477 727 oleum
1528 673 1697 726 viride

106 754 327 822 insuper
365 753 524 805 mittis
566 757 618 805 et
655 751 868 804 inferes.

219 829 341 881 202.
397 826 789 880 Conciclam
853 841 993 877 cum
1048 822 1241 876 faba:
1294 837 1506 888 coques.
1557 825 1729 880 teres⁴

108 901 276 969 piper,
318 899 619 967 ligisticum,
663 899 926 964 ciminum,
981 896 1317 951 coriandrum
1370 894 1539 948 viride
1592 894 1696 947 suf-

106 974 285 1027 fundis
322 975 611 1041 liquamen,
653 973 775 1025 vino
811 977 863 1025 et
886 971 1171 1039 liquamine
1199 970 1540 1037 temperabis.
1583 969 1695 1021 mit-

107 1049 173 1101 tis
212 1048 264 1100 in
307 1049 614 1114 caccabum,
670 1046 878 1100 adicies
923 1046 1114 1099 oleum.
1159 1045 1301 1098 lento
1341 1043 1454 1110 igni
1493 1043 1700 1097 ferveat

108 1127 160 1175 et
197 1119 413 1176 inferes
765 1123 790 1139 ³

219 1197 340 1250 203.
399 1195 791 1249 Conciclam
843 1192 1267 1262 apicianam:
1320 1190 1557 1259 accipies
1612 1207 1697 1245 cu-

106 1288 320 1323 manam
360 1269 612 1323 mundam
652 1269 741 1322 ubi
783 1284 980 1335 coques
1031 1267 1222 1335 pisam,
1279 1265 1363 1319 cui
1414 1265 1575 1319 mittis
1622 1266 1697 1318 lu-

109 1346 322 1398 canicas
364 1344 626 1410 concisas,
669 1343 874 1396 isiciola
914 1341 1148 1410 porcina.
1185 1341 1380 1409 pulpas
1403 1339 1694 1407 petasoniS.

107 1425 245 1472 teres
285 1419 456 1487 piper,
511 1418 814 1484 ligisticum,
869 1417 1165 1483 origanum,
1221 1419 1452 1479 anetum,
1508 1431 1700 1484 cepam

108 1492 321 1559 siccam,
364 1492 698 1545 coriandrum
738 1490 923 1557 viride,
974 1488 1234 1542 suffundis
1286 1488 1574 1555 liquamen,
1624 1487 1698 1541 vi-

107 1584 230 1620 num
272 1571 323 1620 et
362 1566 647 1633 liquamine
687 1563 1008 1634 temperabis
1078 1563 1239 1616 mittis
1291 1561 1347 1614 in
1399 1578 1697 1630 cumanam,

109 1641 193 1694 cui
232 1640 436 1694 adicies
478 1641 668 1707 oleum,
709 1639 905 1710 pungis
944 1638 1139 1705 ubique
1191 1642 1247 1689 ut
1288 1636 1539 1690 conbibat
1592 1636 1698 1691 ole-

108 1731 209 1768 urn.
249 1714 362 1782 igni
401 1715 543 1767 lento
587 1730 784 1783 coques
824 1714 898 1766 ita
937 1718 993 1765 ut
1032 1713 1238 1766 ferveat
1278 1716 1330 1764 et
1368 1709 1584 1765 inferes.

108 1847 279 1891 vacios.
312 1846 429 1890 Plin.
465 1847 536 1899 21,
583 1847 650 1890 19.
696 1846 854 1891 Diosc.

108 1908 149 1957 ⁶2,
200 1905 296 1949 144.
355 1906 576 1957 turiones,
634 1906 857 1962 πτόρθους

108 1964 349 2021 Aristoph.
392 1966 514 2009 Plut.
557 1964 656 2008 544.
702 1990 755 1995 —
799 1966 857 2009 in

109 2024 425 2069 caccabum
456 2024 661 2069 mittes
682 2025 779 2068 202.
802 2040 855 2054 -·-

108 2085 302 2140 agitas
336 2084 559 2140 coagitas.
596 2110 650 2115 —-

195 2143 256 2187 ad
289 2144 390 2187 202.
425 2143 700 2188 concicla
733 2156 854 2187 cum

108 2201 259 2253 faba,
292 2203 331 2246 si
362 2203 491 2247 locus
523 2203 694 2254 salvus,
728 2203 854 2247 vide-

107 2267 182 2306 tur
211 2262 376 2313 solida,
410 2263 593 2318 integra
626 2275 727 2305 cum
756 2275 853 2306 cor-

106 2322 197 2366 tice
229 2334 313 2365 suo
347 2322 556 2372 decocta,
590 2321 743 2366 schale
770 2322 854 2365 mit

109 2380 191 2425 der
211 2380 378 2433 bohne,
412 2380 711 2430 schalbohne
746 2394 852 2424 con-

108 2440 224 2484 cicla
254 2453 337 2483 seu
379 2441 615 2484 concicula
648 2440 852 2484 Marcelli

106 2499 162 2542 33
181 2512 225 2554 p.
252 2500 350 2542 227.
385 2512 504 2555 quae
537 2499 723 2543 conchis
754 2498 851 2554 κόγ-

104 2574 199 2612 χος,
257 2572 357 2602 cum
415 2556 525 2602 faba
576 2558 733 2602 iuncta
779 2571 852 2613 ap.

107 2616 278 2661 Athen.
333 2618 376 2669 4,
429 2618 497 2660 50.
545 2617 602 2661 de
646 2630 738 2673 qua
785 2622 856 2661 est

107 2676 338 2721 distichon
400 2676 625 2720 Martialis
692 2678 760 2728 13,
816 2677 856 2728 7,

107 2735 210 2780 coll.
245 2737 286 2786 5,
318 2737 390 2780 39.
411 2736 452 2787 7,
488 2737 556 2780 73.
589 2736 793 2779 Iuvenal.
813 2738 855 2787 3,

107 2796 205 2838 293.
243 2796 311 2846 14,
357 2796 454 2838 131.
498 2793 636 2839 fabae
677 2794 856 2851 follicu-

106 2854 230 2898 latae
278 2855 530 2910 opponitur
577 2853 727 2898 fracta
774 2867 855 2898 seu

108 2913 244 2965 fresa,
297 2915 413 2969 pisa,
461 2914 607 2969 pinsa,
668 2914 852 2968 pinsita.

107 2972 481 3029 ἅπολελεπισμένη,
546 2971 852 3024 &lavinarium

950 1845 1021 1890 cui
1067 1843 1280 1889 valvulae
1323 1848 1535 1888 exemtae
1578 1853 1699 1894 sunt,

950 1904 1126 1949 Colum.
1177 1904 1218 1955 6,
1252 1904 1323 1954 31,
1376 1905 1413 1946 1.
1460 1903 1501 1954 6,
1544 1903 1612 1958 10,
1660 1905 1699 1947 1.

949 1977 1090 2020 quare
1121 1964 1225 2020 pisa
1256 1976 1340 2018 pro
1370 1962 1577 2006 conciola
1609 1962 1701 2006 dici

947 2028 1105 2079 potest
1137 2024 1236 2067 203.
1271 2022 1372 2066 205.
1431 2020 1486 2065 cf.
1533 2022 1698 2077 depisa

948 2083 1046 2127 204.
1082 2081 1304 2127 lenticula
1337 2082 1410 2125 cui
1442 2086 1604 2125 cortex
1623 2081 1701 2125 de-

946 2147 1097 2185 tracta
1138 2147 1280 2197 atque
1316 2141 1456 2184 etiam
1491 2139 1644 2184 farina
1675 2153 1700 2184 e

946 2201 1166 2245 lenticula
1224 2200 1414 2244 Graecis
1466 2200 1487 2240 ὁ
1532 2201 1700 2245 λέκιθος

947 2261 1133 2312 dicitur,
1166 2260 1271 2316 puls
1304 2273 1361 2303 ex
1378 2259 1490 2314 pisis
1508 2260 1584 2304 vel
1604 2258 1701 2304 len-

945 2321 1102 2364 ticula.
1137 2318 1392 2375 Schweigh.
1428 2319 1488 2362 ad
1521 2317 1699 2364 Athen.

943 2381 984 2430 3,
1027 2381 1096 2423 89.
1130 2393 1173 2434 p.
1214 2379 1316 2423 337.
1360 2392 1444 2434 pro
1488 2379 1693 2424 conci-

944 2440 1094 2483 clam
1157 2438 1205 2482 G.
1284 2437 1462 2482 Gesner
1522 2437 1702 2482 mavult

945 2497 1315 2543 conchidem.
1349 2497 1482 2541 Hum.
1515 2498 1702 2553 scripsit

948 2556 1325 2602 conchiclam
1383 2561 1431 2601 et
1477 2557 1701 2613 interpre-

947 2622 1074 2660 tatur
1106 2615 1263 2660 fabam
1297 2615 1504 2661 conchin.
1542 2642 1591 2646 —-
1627 2616 1701 2659 li-

949 2689 1199 2732 quamen
1231 2676 1287 2718 in
1319 2688 1383 2721 ea
1415 2675 1551 2720 codd.

1038 2735 1100 2780 ad
1122 2736 1223 2779 ⁴203.
1257 2735 1443 2790 pisum
1477 2734 1611 2780 codd.
1639 2733 1701 2778 ad

949 2795 1048 2838 20⁴2.
1087 2820 1137 2824 ——
1172 2795 1493 2850 petasonis
1523 2794 1699 2839 ex194.

946 2868 1031 2909 pro
1063 2859 1440 2909 petasonem.
1476 2879 1528 2884 ——
1563 2867 1698 2909 pun-

946 2914 1038 2969 gis
1082 2926 1138 2958 ex
1183 2913 1317 2956 codd.
1363 2918 1410 2956 et
1450 2913 1551 2956 301.
1596 2913 1698 2956 320.

947 2973 1075 3017 Hum.
1103 2973 1255 3017 obiter
1283 2973 1468 3027 scripsit
1497 2985 1699 3027 perun-
