2098 3470
356 318 457 370 148

904 316 1004 360 Lib.
1034 315 1132 359 VII.
1192 315 1430 360 Politeles.

351 467 448 519 per
485 448 676 501 tritum.
721 449 1032 515 confai'cieS,
1087 450 1199 501 sale
1253 449 1380 501 foris
1433 447 1709 514 contingis.
1767 448 1934 515 frigiS.

351 524 405 575 in
445 523 602 576 melle
643 528 794 576 cocto
838 528 889 575 et
928 522 1140 576 inferes.

354 655 692 711 contingis]
781 653 962 710 frigis
1045 655 1100 697 in
1129 709 1131 711 Ι

353 714 527 758 melle
561 719 734 758 cocto
768 718 825 757 et
856 712 1101 757 inferes.

354 773 516 829 (verba
556 773 734 816 inclusa
776 785 868 815 non
911 777 1017 815 sunt
1056 772 1101 814 in

353 832 558 884 mediol.)
591 832 661 875 sui
683 831 843 886 procul
866 830 1008 874 dubio
1028 844 1102 874 co-

355 891 469 935 dicis
502 903 591 946 ope
623 891 754 934 Hum.
786 889 933 934 edidit
964 903 1016 945 p.
1051 904 1101 933 v.

355 950 410 994 d.
443 954 700 1005 excepto
734 949 963 999 semine,
1002 962 1102 992 nu-

356 1023 417 1053 ce
449 1023 504 1055 v.
536 1023 590 1053 n.
623 1008 718 1053 vel
750 1009 956 1064 pipere
990 1008 1098 1050 tri-

355 1073 415 1112 to
449 1066 755 1119 infarcies,
788 1066 912 1110 sale
947 1066 1100 1110 foris

357 1127 691 1183 contingis,
773 1125 952 1182 frigis
1041 1126 1101 1169 in

356 1185 531 1231 melle
564 1190 740 1230 cocto
786 1190 842 1229 et
873 1183 1101 1229 inferes

357 1250 405 1290 et
455 1249 678 1300 „excepto
721 1245 919 1289 semine“
964 1244 1103 1288 inter-

356 1309 567 1360 pretatus
601 1309 673 1348 est
708 1303 916 1357 „ossibus
950 1307 997 1346 et
1023 1317 1102 1346 nu-

359 1364 468 1408 cleis
520 1363 812 1420 dactylorum
866 1362 1104 1407 exemtis“.

363 1436 501 1479 quum
551 1436 662 1467 vero
716 1423 762 1466 in
809 1422 1109 1478 sequentibus

361 1482 601 1538 particulis
643 1482 763 1525 alica
805 1488 852 1525 et
883 1481 1033 1525 simila
1064 1482 1109 1524 in

362 1555 419 1587 ea
479 1541 633 1585 dulcia
680 1541 1002 1592 adhibeantur,
1064 1540 1108 1584 in

361 1607 570 1656 tempore
617 1600 714 1644 vidi
765 1613 958 1644 semen
1018 1613 1109 1644 non

361 1674 462 1705 esse
514 1660 842 1716 palmularum,
895 1659 978 1703 sed
1028 1658 1109 1702 ad-

360 1733 532 1770 oreum,
579 1732 728 1775 neque
775 1725 928 1762 tamen
971 1718 1107 1761 Plinii

363 1780 430 1830 18,
467 1779 565 1823 115.
599 1779 763 1822 alicam
804 1778 1107 1832 excepticiam

359 1839 432 1883 vel
480 1838 707 1894 siliginem
751 1842 992 1892 exceptam
1038 1837 1105 1888 18,

358 1899 428 1941 93.
463 1910 581 1953 quae
613 1897 739 1952 prior
756 1909 858 1940 mea
876 1896 1107 1940 sententia

358 1959 473 2002 erat.
517 1961 568 2000 ut
610 1956 887 2000 frumentum
927 1955 1105 2010 aliquo-

357 2017 468 2067 ties,
492 2016 687 2059 Martial.
711 2017 778 2066 12,
800 2015 868 2065 73,
887 2014 928 2057 5.
961 2013 1104 2069 Apul.

357 2081 463 2119 met.
499 2076 540 2126 6,
576 2075 644 2118 10.
688 2074 840 2117 Edict.
881 2073 1029 2116 Diocl.
1067 2075 1104 2124 1,

359 2136 398 2177 1.
432 2139 503 2178 est
536 2133 661 2189 quod
693 2133 910 2183 triticum,
943 2133 1010 2175 sic
1036 2145 1105 2176 se-

355 2206 459 2237 men
491 2206 583 2236 non
615 2205 719 2236 raro
753 2197 824 2235 est
857 2205 953 2241 zea,
986 2191 1104 2235 Scri-

354 2253 461 2296 bon.
497 2252 566 2295 70.
611 2252 726 2295 Plin.
767 2251 833 2301 18,
872 2253 966 2293 112.
1003 2251 1102 2294 198.

354 2312 428 2358 82.
456 2312 552 2354 115.
573 2313 644 2362 22,
666 2310 762 2353 124.
799 2310 973 2354 Colum.
997 2310 1037 2360 2,
1062 2310 1101 2352 6.

352 2371 508 2415 Diosc.
544 2371 585 2421 2,
622 2371 717 2413 118.
755 2368 962 2424 Geopon.
998 2369 1038 2419 3,
1060 2369 1099 2411 7.

352 2430 515 2473 Isidor.
574 2430 643 2480 17,
700 2430 742 2479 3,
796 2429 835 2470 6.
900 2427 1103 2470 triticum

352 2488 506 2543 spelta
553 2489 600 2530 L.
676 2487 804 2532 Petit
847 2487 1099 2530 Comment.

353 2548 415 2591 ad
447 2547 638 2591 Aretae.
672 2560 715 2602 p.
736 2545 835 2589 254.
857 2547 928 2589 ed.
953 2545 1100 2601 Lugd.

351 2606 453 2650 Bat.
488 2605 822 2661 „Asclepiades
844 2618 917 2660 ap.
939 2604 1099 2649 Galen.

351 2665 429 2709 lib.
478 2668 520 2708 9.
571 2665 628 2709 de
682 2678 884 2720 compos.
936 2664 1098 2707 medic.

351 2723 453 2764 κατὰ
487 2723 650 2770 τόπους
682 2736 780 2778 Gap.
815 2725 854 2767 3.
891 2722 1101 2766 faridem

351 2796 454 2827 esse
498 2784 625 2839 quod
666 2781 775 2831 ζειᾶν
819 2782 1100 2827 Graecorum

350 2843 637 2886 existimavit
657 2868 707 2871 —
726 2842 814 2886 sed
846 2847 917 2885 est
947 2846 1099 2885 tamen

350 2915 507 2946 eorum
540 2901 589 2945 id
622 2901 865 2945 discrimen
885 2901 1010 2956 quod
1032 2899 1098 2948 ζεᾶ

350 2966 422 3009 est
452 2974 598 3017 genus
643 2960 758 3004 illud
792 2960 1009 3003 frumenti
1044 2973 1099 3003 ex

1195 668 1286 710 quo
1320 652 1391 695 far
1423 648 1769 703 conficiebatur,
1812 653 1939 708 quod

1193 712 1280 752 κατ’
1341 710 1497 765 ἐξοχὴν
1549 725 1704 755 semen
1754 711 1939 756 diceba-

1193 774 1310 816 tur“.
1344 771 1468 814 addo
1502 770 1722 826 Pelagon.
1748 772 1770 813 1
1805 784 1846 826 p.
1871 771 1937 814 15.

1197 829 1407 882 „seminis
1454 828 1602 872 farina
1649 829 1698 872 id
1752 835 1823 873 est
1870 828 1941 873 far

1194 889 1506 933 cantabrum“.
1551 888 1658 944 lego
1702 888 1821 932 enim
1864 902 1940 933 ne-

1195 961 1282 1004 que
1319 950 1567 1002 „excepto“
1605 961 1706 990 cum
1738 960 1835 1002 par.
1863 961 1941 992 ne-

1191 1021 1280 1063 que
1313 1011 1370 1051 et
1394 1011 1569 1062 cepto
1594 1006 1669 1050 vel
1695 1011 1753 1050 et
1773 1020 1941 1062 coep-

1190 1072 1251 1110 to
1286 1079 1387 1109 cum
1418 1066 1620 1121 reliquis,
1654 1066 1736 1109 sed
1768 1070 1819 1109 ut
1850 1066 1941 1109 iam

1192 1125 1395 1169 secunda
1426 1137 1588 1168 manus
1607 1125 1779 1168 codicis
1797 1141 1821 1179 γ
1845 1138 1941 1169 cor-

1193 1184 1312 1228 rexit
1345 1188 1403 1227 et
1435 1188 1617 1239 copto
1663 1208 1714 1213 —-
1753 1183 1941 1228 volebat

1195 1248 1375 1298 copta
1413 1268 1459 1272 —
1486 1255 1604 1299 quae
1621 1242 1942 1298 graecolatina

1195 1315 1288 1346 vox
1330 1302 1476 1345 minus
1525 1302 1715 1358 cognita
1757 1315 1784 1345 a
1826 1315 1943 1346 mar-

1199 1362 1305 1418 gine
1347 1362 1390 1404 in
1434 1366 1701 1405 contextum
1744 1361 1940 1416 irrepsit.

1199 1419 1365 1461 κοπτόν
1396 1433 1478 1464 seu
1508 1419 1646 1472 κοπτή
1681 1423 1857 1475 (κοπτῆς
1879 1439 1943 1474 φι-

1199 1481 1279 1519 λίαι
1311 1479 1464 1526 πλάκες
1495 1478 1686 1524 Straton
1718 1480 1764 1522 in
1795 1479 1942 1524 Anth.

1198 1539 1295 1582 Pal.
1353 1540 1421 1589 12,
1468 1540 1510 1590 2,
1561 1539 1633 1592 12)
1693 1543 1941 1594 coptum,

1200 1604 1340 1654 copta
1372 1598 1573 1653 (Petron.
1592 1598 1665 1649 40,
1680 1598 1720 1641 4.
1746 1599 1941 1642 Martial.

1202 1658 1271 1709 14,
1310 1658 1398 1711 68),
1442 1657 1773 1701 deminutivum
1826 1674 1941 1698 κοπ-

1198 1716 1356 1769 τάριον,
1410 1717 1717 1771 compositum
1771 1733 1939 1757 κοπτο-

1198 1777 1383 1822 πλακοῦς
1408 1775 1599 1830 (Athen.
1623 1776 1800 1829 14,57.)
1834 1790 1942 1832 COp·
1986 1778 1990 1785 ⁵

1198 1835 1467 1890 toplacenta
1499 1839 1659 1891 (poeta
1690 1836 1735 1878 in
1761 1835 1943 1880 Werns-

1199 1893 1315 1938 dorf.
1360 1894 1490 1938 Poet.
1534 1895 1615 1938 lat.
1658 1895 1762 1938 min.
1797 1894 1848 1937 T.
1884 1896 1940 1938 II.

1197 1967 1238 2008 p.
1261 1953 1359 1996 234.
1398 1967 1507 2006 „nos
1541 1952 1733 1997 facimus
1765 1954 1941 2009 populo

1197 2012 1405 2056 studiose
1498 2013 1942 2068 coptoplacentas“)

1196 2072 1439 2126 placentae
1467 2069 1555 2115 fuit
1573 2072 1844 2116 durissimae
1862 2086 1941 2128 ge—

1194 2144 1294 2181 nuS,
1326 2145 1417 2174 non
1460 2130 1599 2187 longe
1631 2130 1883 2175 abhorrens
1916 2144 1945 2175 a

1194 2195 1331 2247 pasta
1373 2190 1504 2245 regia
1554 2202 1690 2245 quam
1729 2191 1942 2234 martium

1193 2262 1359 2304 panem
1392 2263 1425 2292 s.
1452 2261 1771 2304 massapanem
1804 2263 1943 2294 voca-

1193 2321 1293 2352 mus
1325 2321 1584 2363 nomenque
1618 2308 1749 2351 duxit
1780 2321 1809 2351 a
1834 2322 1940 2353 con-

1193 2367 1432 2423 tundendo
1478 2369 1587 2421 (non
1620 2380 1647 2410 a
1681 2367 1847 2422 Copto,
1890 2372 1943 2412 ut

1196 2426 1364 2470 delirat
1425 2427 1639 2470 Laurent.
1671 2459 1674 2462 .
1703 2427 1819 2483 Lyd.
1885 2428 1942 2471 de

1194 2498 1333 2529 mens.
1368 2484 1409 2538 4,
1444 2484 1482 2527 5.
1517 2484 1714 2540 p-154.),
1749 2486 1857 2541 quia
1886 2499 1943 2530 ex

1192 2544 1388 2588 materia
1446 2549 1642 2588 contusa
1693 2545 1942 2589 constabat

1192 2609 1243 2647 ut
1274 2603 1448 2647 nucleis
1480 2603 1643 2658 pineis,
1681 2604 1941 2660 amigdalis,

1192 2662 1356 2713 simila,
1397 2663 1557 2717 pipere
1600 2666 1737 2706 cocto
1785 2667 1832 2706 et
1865 2663 1943 2707 de-

1193 2725 1426 2776 spumato,
1442 2723 1704 2773 μελίπηκτον
1719 2722 1942 2777 interpre-

1191 2785 1321 2824 tatur
1350 2779 1524 2824 Athen.
1548 2780 1616 2831 14,
1637 2780 1705 2823 60.
1740 2781 1941 2838 Hesych.

1190 2840 1247 2883 II.
1297 2852 1340 2894 p.
1390 2840 1491 2881 315.
1539 2839 1607 2882 sic
1654 2844 1793 2894 copta
1834 2845 1942 2884 sunt

1191 2910 1309 2954 quae
1343 2897 1509 2942 dulcia.
1545 2897 1602 2942 cf.
1618 2902 1664 2942 et
1681 2898 1742 2941 ad
1758 2900 1939 2944 Polluc.

1193 2959 1232 3001 6.
1280 2958 1346 3001 78.
1393 2957 1618 3003 eiusmodi
1662 2957 1940 3013 placentulis
