2098 3470
655 322 753 368 Lib.
778 321 881 372 VII,
928 321 1167 368 Politeles.
1636 322 1739 376 153

152 458 327 513 dicum
371 463 437 525 et,
476 459 519 512 si
547 460 742 528 placet,
771 457 1038 511 modicum
1066 458 1347 525 liquamen.
1379 457 1534 529 piper
1554 474 1738 529 aspar·

150 534 232 601 gis
275 538 327 587 et
364 533 577 588 inferes.

261 609 384 661 310.
446 608 639 662 Aliter:
683 608 869 661 bulbos
912 605 1081 659 elixas
1109 607 1163 658 in
1191 606 1476 674 pultarium
1503 623 1739 675 presSOS,

151 682 312 735 mittis
372 683 570 749 timum,
638 683 933 749 origanum,
986 681 1106 747 mel,
1163 686 1388 748 acetum,
1443 680 1739 748 defrictum,

151 756 423 824 cariotum‚
464 757 734 823 liquamen
765 761 816 810 et
844 756 1018 809 oleum
1046 755 1330 809 modicum.
1372 755 1528 825 piper
1555 773 1739 825 aspar-

149 831 231 898 gis
273 836 324 884 et
361 831 574 885 inferes

260 905 382 958 311.
446 905 630 977 [Varro
659 904 921 973 siquidem
949 904 1017 958 de
1049 904 1220 958 bulbis
1250 904 1384 957 dixit
1426 905 1515 975 „in
1543 921 1737 971 aquam

149 979 235 1046 qui
276 980 498 1033 Veneris
552 980 713 1032 otium
768 979 1081 1047 quaerunt“‚
1133 979 1333 1033 deinde
1385 988 1442 1032 ut
1491 979 1742 1048 legitimis

147 1052 344 1123 nuptiis
383 1054 438 1106 in
478 1071 614 1108 cena
654 1060 936 1122 ponuntur,
991 1052 1090 1107 sed
1143 1059 1196 1108 et
1249 1071 1367 1107 cum
1420 1054 1624 1108 nucleis
1663 1054 1742 1124 pi-

147 1128 262 1181 neis
301 1133 392 1181 aut
431 1145 550 1181 cum
591 1146 783 1183 erucae
823 1146 953 1183 sucu
995 1133 1047 1182 et
1084 1128 1309 1201 pipere]

262 1203 384 1256 312.
448 1203 644 1257 Aliter:
689 1204 879 1258 bulbos
919 1203 1102 1257 frictos
1144 1220 1418 1271 oenogaro
1458 1202 1672 1257 inseres,

149 1381 215 1423 pr.
252 1367 373 1412 unde
405 1369 538 1411 Hum.
561 1372 744 1423 atque
776 1366 901 1418 fecit,

150 1441 263 1472 corr.
310 1441 504 1484 aequo
548 1440 604 1471 ex
646 1440 797 1483 aequo
830 1426 901 1471 54.

129 1503 203 1519 ·--
254 1487 366 1531 mel
414 1487 594 1531 terendi
635 1488 800 1544 gratia.

244 1576 303 1619 ad
336 1576 440 1620 310.
505 1579 633 1620 totus
680 1575 903 1619 articulus

149 1636 286 1679 deest
317 1636 363 1679 in
395 1635 582 1679 mediol.
628 1639 675 1679 et
708 1635 778 1679 ed.
812 1635 903 1690 pri-

146 1707 221 1739 ma
252 1708 414 1739 manca
431 1700 514 1739 est.
550 1695 745 1739 elixos
765 1694 899 1739 codd.

148 1759 197 1799 et
239 1755 570 1810 liquamine
604 1755 673 1799 ol.
709 1780 763 1786 -
809 1767 902 1798 ca-

148 1814 371 1859 riotum
417 1828 531 1858 corr.
573 1828 660 1871 pro
695 1827 902 1860 careo-

148 1878 263 1918 tam
298 1878 345 1918 et
379 1878 681 1919 caroetam
713 1874 785 1919 34.

238 1962 299 2006 ad
330 1963 429 2006 311.
479 1963 555 2007 vel
588 1963 718 2007 locus
750 1964 902 2019 paral-

148 2022 266 2066 lelus
308 2027 380 2066 est
425 2035 452 2065 a
494 2023 682 2067 literato
717 2023 901 2067 homine

149 2081 210 2125 ad
257 2082 509 2138 marginem
565 2083 780 2137 appictus
826 2083 900 2127 vel

149 2146 201 2185 ut
224 2141 450 2197 reliquum
473 2141 736 2186 habendum
762 2141 902 2198 Apici

150 2200 259 2245 olim
308 2201 500 2256 integri,
559 2200 699 2245 hodie
751 2202 901 2248 libati.

147 2260 269 2304 idem
311 2260 439 2304 valet
482 2261 539 2305 de
572 2261 640 2303 64.
685 2262 733 2304 si
777 2263 901 2317 qui-

149 2320 267 2363 dem
308 2317 398 2363 feci
443 2333 499 2364 ex
543 2319 588 2363 si
632 2321 795 2376 quid.
849 2347 900 2350 —

150 2379 277 2422 dixi
318 2382 453 2429 βθκπ.
490 2405 543 2409 -
582 2379 714 2423 Hum.
760 2379 903 2424 refert

150 2451 234 2493 pro
278 2437 334 2479 in
379 2450 589 2493 aquam
623 2439 805 2495 aliquos
838 2440 901 2483 10-

149 2510 259 2552 gere
355 2497 640 2552 iniquum.
736 2499 901 2554 supple

154 2556 407 2608 „mittem-3⁴⁴.
450 2581 504 2586 ——
552 2570 637 2611 pro
683 2558 900 2601 ostium

149 2619 191 2664 β.
227 2614 256 2656 h
272 2628 299 2657 0
315 2628 336 2658 8
350 2614 439 2658 tiu
453 2628 496 2657 m
517 2620 774 2659 ceterorum
793 2617 901 2660 scri-

150 2674 222 2729 psi
256 2674 364 2717 olim
397 2673 667 2718 hostrum
710 2680 900 2727 ostrum,

149 2737 368 2783 ostreum,
385 2733 604 2778 concham
616 2734 897 2778 PlautiRud.

154 2791 252 2835 704.
293 2792 414 2836 unde
457 2793 680 2837 Italorum
714 2794 899 2844 ostrica,

149 2851 425 2895 nostratium
450 2851 693 2903 schnecke,
725 2853 900 2908 puden-

150 2910 257 2954 dum
280 2910 516 2955 muliebre.
559 2925 678 2955 nunc
700 2925 727 2956 o
742 2913 787 2956 ti
803 2926 898 2956 um.

151 2995 200 2999 --
238 2969 292 3014 in
324 2969 432 3026 leg.
466 2974 509 3021 β.
553 2970 722 3015 bulbos
763 2985 899 3016 vene-

992 1381 1087 1412 rem
1105 1366 1342 1411 stimulare
1355 1366 1628 1422 salacesque
1642 1380 1743 1411 esse

992 1427 1125 1471 multi
1158 1427 1371 1471 dlxerunt
1408 1431 1460 1470 ut
1490 1426 1664 1471 Athen.
1701 1427 1744 1478 2,

993 1487 1064 1538 64,
1098 1487 1166 1530 65.
1201 1486 1332 1530 Mart.
1368 1488 1410 1538 3,
1431 1486 1499 1538 75,
1518 1488 1558 1530 3.
1580 1487 1649 1538 13,
1667 1486 1740 1530 34.

993 1551 1041 1591 et
1073 1559 1255 1591 erucam
1287 1547 1333 1590 in
1350 1560 1564 1591 venerem
1582 1559 1743 1591 accen-

994 1606 1103 1650 dere
1133 1607 1202 1656 10,
1221 1606 1293 1656 48,
1315 1606 1383 1650 10.
1416 1606 1532 1650 Plin.
1554 1606 1741 1658 19,154.

994 1666 1098 1710 coll.
1149 1666 1221 1715 20,
1271 1667 1340 1709 19.
1392 1666 1490 1710 126.
1542 1667 1650 1712 Lus.
1697 1666 1744 1709 in

993 1726 1145 1781 Priap.
1191 1726 1263 1776 51,
1296 1726 1365 1769 ΞΟ.
1399 1725 1472 1777 46,
1515 1726 1554 1769 8.
1589 1726 1663 1778 47,
1702 1725 1741 1768 6.

992 1785 1169 1841 Vergil.
1203 1790 1365 1830 moret.
1399 1785 1470 1829 85.
1511 1785 1666 1830 Diosc.
1702 1786 1743 1836 2,

996 1846 1093 1889 169.
1124 1858 1282 1889 sucum
1302 1859 1402 1890 esse
1421 1844 1745 1901 explicandum

994 1917 1175 1949 erucam
1221 1904 1462 1949 decoctam
1508 1910 1642 1961 patet
1689 1918 1745 1949 ex

992 1964 1194 2008 Marcell.
1228 1965 1358 2020 Emp.
1383 1966 1452 2009 33.
1491 1965 1579 2018 „ad
1601 1963 1744 2009 abun-

994 2024 1199 2067 dantiam
1242 2025 1427 2069 seminis
1464 2037 1745 2081 praeparan-

993 2084 1099 2126 dam
1149 2097 1384 2128 erucam
1432 2084 1743 2128 decoctam

993 2143 1139 2194 bibat,
1174 2144 1357 2199 quoties
1376 2144 1570 2200 quisque
1586 2143 1746 2199 inopia

993 2202 1178 2246 seminis
1222 2217 1270 2247 se
1311 2203 1525 2247 laborare
1557 2216 1743 2258 perspe-

993 2262 1113 2306 xerit
1153 2262 1229 2306 vel
1270 2263 1427 2317 potius
1460 2263 1646 2307 assidue
1678 2263 1744 2306 in-

994 2326 1175 2366 coctam
1195 2322 1470 2366 manducet“
1507 2323 1584 2378 qui
1601 2322 1743 2378 paulo

994 2385 1103 2436 post
1145 2381 1194 2424 id
1235 2382 1622 2426 medicamentum
1666 2381 1744 2425 ha-

993 2440 1076 2484 bet
1167 2453 1416 2491 „erucae
1498 2440 1744 2485 seminis

992 2512 1143 2554 scrup.
1162 2500 1240 2543 III.
1266 2500 1433 2543 bulbi
1456 2499 1549 2543 ruf
1555 2502 1569 2544 i
1593 2513 1743 2555 scrup.

991 2558 1071 2601 III.
1130 2558 1333 2603 nuclei
1386 2559 1545 2614 pinei
1591 2572 1742 2613 scrnp.

991 2616 1071 2660 VI.
1117 2618 1273 2673 spicae
1315 2617 1449 2662 nardi
1482 2632 1629 2674 scrup.
1663 2619 1743 2662 ΠΙ.

993 2680 1115 2720 teres
1197 2677 1405 2731 singula“
1487 2682 1574 2722 cet.
1652 2691 1743 2722 su-

994 2748 1130 2787 cum,
1164 2737 1305 2787 suci,
1338 2749 1483 2780 suco
1519 2737 1653 2780 codd.
1680 2736 1743 2779 ad.

992 2793 1186 2838 formam
1222 2797 1387 2848 „sucu“
1444 2794 1501 2839 cf.
1534 2795 1742 2840 Hildebr.

991 2853 1052 2896 ad
1084 2853 1226 2909 Apul.
1264 2856 1286 2897 1
1320 2868 1364 2909 p.
1400 2854 1501 2899 837.
1533 2854 1577 2899 b.

1080 2913 1140 2956 ad
1172 2914 1273 2956 312.
1313 2926 1613 2970 oenogaro
1642 2927 1743 2970 per-

990 2970 1118 3017 fusos
1152 2973 1252 3017 299.
1288 2972 1385 3016 112.
1752 2987 1754 2989 >
