<?xml version="1.0" encoding="UTF-8"?>
<!DOCTYPE html PUBLIC "-//W3C//DTD XHTML 1.0 Transitional//EN"
    "http://www.w3.org/TR/xhtml1/DTD/xhtml1-transitional.dtd">
<html xmlns="http://www.w3.org/1999/xhtml" xml:lang="en" lang="en">
 <head>
  <title>
</title>
<meta http-equiv="Content-Type" content="text/html;charset=utf-8" />
  <meta name='ocr-system' content='tesseract 3.04.00' />
  <meta name='ocr-capabilities' content='ocr_page ocr_carea ocr_par ocr_line ocrx_word'/>
</head>
<body>
  <div class='ocr_page' id='page_1' title='image "apicicaelidereco00apicrich_0170.png"; bbox 0 0 2098 3470; ppageno 0'>
   <div class='ocr_carea' id='block_1_1' title="bbox 399 299 502 350">
    <p class='ocr_par' dir='ltr' id='par_1_1' title="bbox 399 299 502 350">
     <span class='ocr_line' id='line_1_1' title="bbox 399 299 502 350; baseline 0.019 -2"><span class='ocrx_word' id='word_1_1' title='bbox 399 299 502 350; x_wconf 84' lang='lat'>164</span> 
     </span>
    </p>
   </div>
   <div class='ocr_carea' id='block_1_2' title="bbox 505 429 1335 483">
    <p class='ocr_par' dir='ltr' id='par_1_2' title="bbox 505 429 1335 483">
     <span class='ocr_line' id='line_1_2' title="bbox 505 429 1335 483; baseline 0.001 -3"><span class='ocrx_word' id='word_1_2' title='bbox 505 429 627 481; x_wconf 77' lang='lat'><strong>357.</strong></span> <span class='ocrx_word' id='word_1_3' title='bbox 683 431 744 480; x_wconf 91' lang='lat' dir='ltr'>In</span> <span class='ocrx_word' id='word_1_4' title='bbox 792 430 1063 482; x_wconf 75' lang='lat' dir='ltr'>vitulinam</span> <span class='ocrx_word' id='word_1_5' title='bbox 1114 430 1335 483; x_wconf 77' lang='lat' dir='ltr'>elixam:</span> 
     </span>
    </p>
   </div>
   <div class='ocr_carea' id='block_1_3' title="bbox 878 298 1432 354">
    <p class='ocr_par' dir='ltr' id='par_1_3' title="bbox 878 298 1432 354">
     <span class='ocr_line' id='line_1_3' title="bbox 878 298 1432 354; baseline 0.002 -14"><span class='ocrx_word' id='word_1_6' title='bbox 878 298 979 341; x_wconf 87' lang='lat' dir='ltr'><strong>Lib.</strong></span> <span class='ocrx_word' id='word_1_7' title='bbox 1013 298 1137 341; x_wconf 83' lang='lat' dir='ltr'>VIII.</span> <span class='ocrx_word' id='word_1_8' title='bbox 1188 299 1432 354; x_wconf 86' lang='lat' dir='ltr'>Tetrapus.</span> 
     </span>
    </p>
   </div>
   <div class='ocr_carea' id='block_1_4' title="bbox 1389 431 1976 499">
    <p class='ocr_par' dir='ltr' id='par_1_4' title="bbox 1389 431 1976 499">
     <span class='ocr_line' id='line_1_4' title="bbox 1389 431 1976 499; baseline 0.002 -17"><span class='ocrx_word' id='word_1_9' title='bbox 1389 436 1529 483; x_wconf 85' lang='lat' dir='ltr'>teres</span> <span class='ocrx_word' id='word_1_10' title='bbox 1569 431 1738 498; x_wconf 88' lang='lat' dir='ltr'>piper,</span> <span class='ocrx_word' id='word_1_11' title='bbox 1792 432 1976 499; x_wconf 82' lang='lat' dir='ltr'>ligisti-</span> 
     </span>
    </p>
   </div>
   <div class='ocr_carea' id='block_1_5' title="bbox 393 504 1976 644">
    <p class='ocr_par' dir='ltr' id='par_1_5' title="bbox 393 504 1976 644">
     <span class='ocr_line' id='line_1_5' title="bbox 394 504 1976 571; baseline 0.001 -16"><span class='ocrx_word' id='word_1_12' title='bbox 394 520 529 569; x_wconf 89' lang='lat' dir='ltr'>cum,</span> <span class='ocrx_word' id='word_1_13' title='bbox 585 520 815 570; x_wconf 83' lang='lat' dir='ltr'>careum,</span> <span class='ocrx_word' id='word_1_14' title='bbox 870 504 960 571; x_wconf 89' lang='lat' dir='ltr'>api</span> <span class='ocrx_word' id='word_1_15' title='bbox 1000 521 1201 567; x_wconf 85' lang='lat' dir='ltr'>semen,</span> <span class='ocrx_word' id='word_1_16' title='bbox 1253 504 1526 557; x_wconf 85' lang='lat' dir='ltr'>suffundes</span> <span class='ocrx_word' id='word_1_17' title='bbox 1574 506 1694 570; x_wconf 89' lang='lat' dir='ltr'>mel,</span> <span class='ocrx_word' id='word_1_18' title='bbox 1750 510 1976 571; x_wconf 87' lang='lat' dir='ltr'>acetum,</span> 
     </span>
     <span class='ocr_line' id='line_1_6' title="bbox 393 577 1976 644; baseline 0.001 -16"><span class='ocrx_word' id='word_1_19' title='bbox 393 577 676 642; x_wconf 79' lang='lat' dir='ltr'>liquamen,</span> <span class='ocrx_word' id='word_1_20' title='bbox 720 578 910 629; x_wconf 87' lang='lat' dir='ltr'>oleum.</span> <span class='ocrx_word' id='word_1_21' title='bbox 955 577 1260 643; x_wconf 81' lang='lat' dir='ltr'>calefacieS,</span> <span class='ocrx_word' id='word_1_22' title='bbox 1309 578 1482 629; x_wconf 88' lang='lat' dir='ltr'>amolo</span> <span class='ocrx_word' id='word_1_23' title='bbox 1525 578 1732 644; x_wconf 81' lang='lat' dir='ltr'>obligas</span> <span class='ocrx_word' id='word_1_24' title='bbox 1773 583 1823 631; x_wconf 90' lang='lat' dir='ltr'>et</span> <span class='ocrx_word' id='word_1_25' title='bbox 1866 596 1976 632; x_wconf 88' lang='lat' dir='ltr'>car-</span> 
     </span>
    </p>
   </div>
   <div class='ocr_carea' id='block_1_6' title="bbox 391 650 858 717">
    <p class='ocr_par' dir='ltr' id='par_1_6' title="bbox 391 650 858 717">
     <span class='ocr_line' id='line_1_7' title="bbox 391 650 858 717; baseline 0 -15"><span class='ocrx_word' id='word_1_26' title='bbox 391 666 513 703; x_wconf 92' lang='lat' dir='ltr'>nem</span> <span class='ocrx_word' id='word_1_27' title='bbox 552 650 858 717; x_wconf 89' lang='lat' dir='ltr'>perfundes.</span> 
     </span>
    </p>
   </div>
   <div class='ocr_carea' id='block_1_7' title="bbox 505 723 1410 776">
    <p class='ocr_par' dir='ltr' id='par_1_7' title="bbox 505 723 1410 776">
     <span class='ocr_line' id='line_1_8' title="bbox 505 723 1410 776; baseline 0 -1"><span class='ocrx_word' id='word_1_28' title='bbox 505 724 628 776; x_wconf 74' lang='lat'><strong>358.</strong></span> <span class='ocrx_word' id='word_1_29' title='bbox 684 724 851 776; x_wconf 86' lang='lat' dir='ltr'>Aliter</span> <span class='ocrx_word' id='word_1_30' title='bbox 888 723 942 775; x_wconf 90' lang='lat' dir='ltr'>in</span> <span class='ocrx_word' id='word_1_31' title='bbox 982 723 1202 776; x_wconf 87' lang='lat' dir='ltr'>vitulina</span> <span class='ocrx_word' id='word_1_32' title='bbox 1243 723 1410 775; x_wconf 81' lang='lat' dir='ltr'>elixa:</span> 
     </span>
    </p>
   </div>
   <div class='ocr_carea' id='block_1_8' title="bbox 1465 724 1977 792">
    <p class='ocr_par' dir='ltr' id='par_1_8' title="bbox 1465 724 1977 792">
     <span class='ocr_line' id='line_1_9' title="bbox 1465 724 1977 792; baseline 0 -16"><span class='ocrx_word' id='word_1_33' title='bbox 1465 726 1635 792; x_wconf 86' lang='lat' dir='ltr'>piper,</span> <span class='ocrx_word' id='word_1_34' title='bbox 1676 724 1977 791; x_wconf 83' lang='lat' dir='ltr'>ligisticum,</span> 
     </span>
    </p>
   </div>
   <div class='ocr_carea' id='block_1_9' title="bbox 392 796 1982 1159">
    <p class='ocr_par' dir='ltr' id='par_1_9' title="bbox 392 796 1978 938">
     <span class='ocr_line' id='line_1_10' title="bbox 392 796 1978 865; baseline 0.001 -17"><span class='ocrx_word' id='word_1_35' title='bbox 392 796 610 849; x_wconf 79' lang='lat' dir='ltr'>feniculi</span> <span class='ocrx_word' id='word_1_36' title='bbox 650 813 850 863; x_wconf 88' lang='lat' dir='ltr'>semen,</span> <span class='ocrx_word' id='word_1_37' title='bbox 906 797 1203 863; x_wconf 82' lang='lat' dir='ltr'>origanum,</span> <span class='ocrx_word' id='word_1_38' title='bbox 1254 797 1488 864; x_wconf 88' lang='lat' dir='ltr'>nucleos,</span> <span class='ocrx_word' id='word_1_39' title='bbox 1545 798 1814 865; x_wconf 87' lang='lat' dir='ltr'>cariotam,</span> <span class='ocrx_word' id='word_1_40' title='bbox 1856 799 1978 864; x_wconf 90' lang='lat' dir='ltr'>mel,</span> 
     </span>
     <span class='ocr_line' id='line_1_11' title="bbox 393 870 1458 938; baseline 0.001 -16"><span class='ocrx_word' id='word_1_41' title='bbox 393 874 620 937; x_wconf 86' lang='lat' dir='ltr'>acetum,</span> <span class='ocrx_word' id='word_1_42' title='bbox 661 870 945 938; x_wconf 79' lang='lat' dir='ltr'>liquamen,</span> <span class='ocrx_word' id='word_1_43' title='bbox 988 887 1191 937; x_wconf 83' lang='lat' dir='ltr'>senape</span> <span class='ocrx_word' id='word_1_44' title='bbox 1233 875 1284 922; x_wconf 88' lang='lat' dir='ltr'>et</span> <span class='ocrx_word' id='word_1_45' title='bbox 1324 871 1458 923; x_wconf 76' lang='lat' dir='ltr'>oleo,</span> 
     </span>
    </p>

    <p class='ocr_par' dir='ltr' id='par_1_10' title="bbox 393 942 1982 1159">
     <span class='ocr_line' id='line_1_12' title="bbox 505 942 1979 1012; baseline -0.001 -16"><span class='ocrx_word' id='word_1_46' title='bbox 505 944 626 996; x_wconf 76' lang='lat'><strong>359.</strong></span> <span class='ocrx_word' id='word_1_47' title='bbox 690 943 1007 1012; x_wconf 81' lang='lat' dir='ltr'>Copadia</span> <span class='ocrx_word' id='word_1_48' title='bbox 1053 943 1310 996; x_wconf 86' lang='lat' dir='ltr'>aedina</span> <span class='ocrx_word' id='word_1_49' title='bbox 1363 942 1512 996; x_wconf 86' lang='lat' dir='ltr'>sive</span> <span class='ocrx_word' id='word_1_50' title='bbox 1554 945 1842 1011; x_wconf 77' lang='lat' dir='ltr'>agnina:</span> <span class='ocrx_word' id='word_1_51' title='bbox 1902 944 1979 1011; x_wconf 89' lang='lat' dir='ltr'>pi-</span> 
     </span>
     <span class='ocr_line' id='line_1_13' title="bbox 393 1017 1979 1085; baseline -0.001 -14"><span class='ocrx_word' id='word_1_52' title='bbox 393 1034 523 1085; x_wconf 91' lang='lat' dir='ltr'>pere</span> <span class='ocrx_word' id='word_1_53' title='bbox 573 1023 624 1071; x_wconf 92' lang='lat' dir='ltr'>et</span> <span class='ocrx_word' id='word_1_54' title='bbox 674 1018 962 1084; x_wconf 87' lang='lat' dir='ltr'>liquamine</span> <span class='ocrx_word' id='word_1_55' title='bbox 1017 1034 1232 1083; x_wconf 78' lang='lat' dir='ltr'>coqueS,</span> <span class='ocrx_word' id='word_1_56' title='bbox 1285 1033 1398 1068; x_wconf 89' lang='lat' dir='ltr'>sum</span> <span class='ocrx_word' id='word_1_57' title='bbox 1437 1017 1657 1071; x_wconf 81' lang='lat' dir='ltr'>faseolis</span> <span class='ocrx_word' id='word_1_58' title='bbox 1696 1018 1979 1084; x_wconf 86' lang='lat' dir='ltr'>faratariis,</span> 
     </span>
     <span class='ocr_line' id='line_1_14' title="bbox 394 1091 1982 1159; baseline 0.001 -16"><span class='ocrx_word' id='word_1_59' title='bbox 394 1092 698 1158; x_wconf 82' lang='lat' dir='ltr'>liquamine,</span> <span class='ocrx_word' id='word_1_60' title='bbox 756 1091 961 1159; x_wconf 86' lang='lat' dir='ltr'>pipere,</span> <span class='ocrx_word' id='word_1_61' title='bbox 1014 1091 1207 1157; x_wconf 87' lang='lat' dir='ltr'>lasare,</span> <span class='ocrx_word' id='word_1_62' title='bbox 1265 1107 1382 1143; x_wconf 87' lang='lat' dir='ltr'>cum</span> <span class='ocrx_word' id='word_1_63' title='bbox 1431 1092 1689 1144; x_wconf 87' lang='lat' dir='ltr'>imbracto</span> <span class='ocrx_word' id='word_1_64' title='bbox 1744 1092 1982 1145; x_wconf 86' lang='lat' dir='ltr'>bucellas</span> 
     </span>
    </p>
   </div>
   <div class='ocr_carea' id='block_1_10' title="bbox 393 1164 1072 1233">
    <p class='ocr_par' dir='ltr' id='par_1_11' title="bbox 393 1164 1072 1233">
     <span class='ocr_line' id='line_1_15' title="bbox 393 1164 1072 1233; baseline 0 -16"><span class='ocrx_word' id='word_1_65' title='bbox 393 1165 548 1233; x_wconf 87' lang='lat' dir='ltr'>panis</span> <span class='ocrx_word' id='word_1_66' title='bbox 589 1170 641 1218; x_wconf 89' lang='lat' dir='ltr'>et</span> <span class='ocrx_word' id='word_1_67' title='bbox 681 1165 801 1218; x_wconf 90' lang='lat' dir='ltr'>oleo</span> <span class='ocrx_word' id='word_1_68' title='bbox 842 1164 1072 1218; x_wconf 86' lang='lat' dir='ltr'>modice.</span> 
     </span>
    </p>
   </div>
   <div class='ocr_carea' id='block_1_11' title="bbox 394 1323 1149 2978">
    <p class='ocr_par' dir='ltr' id='par_1_12' title="bbox 395 1323 1146 1972">
     <span class='ocr_line' id='line_1_16' title="bbox 395 1323 1141 1381; baseline 0 -12"><span class='ocrx_word' id='word_1_69' title='bbox 395 1325 612 1370; x_wconf 78' lang='lat' dir='ltr'>facillime</span> <span class='ocrx_word' id='word_1_70' title='bbox 646 1323 866 1370; x_wconf 86' lang='lat' dir='ltr'>confundi</span> <span class='ocrx_word' id='word_1_71' title='bbox 882 1325 1050 1381; x_wconf 86' lang='lat' dir='ltr'>potuit.</span> <span class='ocrx_word' id='word_1_72' title='bbox 1086 1324 1141 1369; x_wconf 89' lang='lat' dir='ltr'><strong>cf.</strong></span> 
     </span>
     <span class='ocr_line' id='line_1_17' title="bbox 395 1384 1146 1437; baseline -0.007 -9"><span class='ocrx_word' id='word_1_73' title='bbox 395 1386 513 1430; x_wconf 80' lang='lat' dir='ltr'>Plin.</span> <span class='ocrx_word' id='word_1_74' title='bbox 561 1386 629 1435; x_wconf 81' lang='grc'>19,</span> <span class='ocrx_word' id='word_1_75' title='bbox 671 1386 742 1429; x_wconf 82' lang='grc'>95.</span> <span class='ocrx_word' id='word_1_76' title='bbox 791 1385 890 1428; x_wconf 76' lang='grc'>102.</span> <span class='ocrx_word' id='word_1_77' title='bbox 950 1384 1146 1437; x_wconf 74' lang='grc' dir='ltr'>σητάνιον</span> 
     </span>
     <span class='ocr_line' id='line_1_18' title="bbox 397 1442 1144 1500; baseline 0.007 -16"><span class='ocrx_word' id='word_1_78' title='bbox 397 1444 624 1500; x_wconf 74' lang='grc' dir='ltr'><em>κρόμμυον</em></span> <span class='ocrx_word' id='word_1_79' title='bbox 670 1442 983 1499; x_wconf 71' lang='lat' dir='ltr'>Theophrast.</span> <span class='ocrx_word' id='word_1_80' title='bbox 1034 1443 1144 1491; x_wconf 73' lang='lat' dir='ltr'>hist.</span> 
     </span>
     <span class='ocr_line' id='line_1_19' title="bbox 395 1502 1143 1559; baseline 0.003 -13"><span class='ocrx_word' id='word_1_81' title='bbox 395 1504 456 1559; x_wconf 91' lang='lat' dir='ltr'>pl.</span> <span class='ocrx_word' id='word_1_82' title='bbox 494 1505 534 1555; x_wconf 96' lang='lat'>7,</span> <span class='ocrx_word' id='word_1_83' title='bbox 566 1503 609 1555; x_wconf 85' lang='lat'>4,</span> <span class='ocrx_word' id='word_1_84' title='bbox 643 1504 680 1546; x_wconf 91' lang='lat'>7.</span> <span class='ocrx_word' id='word_1_85' title='bbox 744 1502 886 1558; x_wconf 83' lang='lat' dir='ltr'>Apici</span> <span class='ocrx_word' id='word_1_86' title='bbox 928 1503 1143 1559; x_wconf 85' lang='lat' dir='ltr'>Excerpt.</span> 
     </span>
     <span class='ocr_line' id='line_1_20' title="bbox 396 1561 1145 1618; baseline -0.001 -11"><span class='ocrx_word' id='word_1_87' title='bbox 396 1564 441 1607; x_wconf 92' lang='lat' dir='ltr'>in</span> <span class='ocrx_word' id='word_1_88' title='bbox 473 1561 672 1618; x_wconf 88' lang='lat' dir='ltr'>praefat.</span> <span class='ocrx_word' id='word_1_89' title='bbox 706 1575 823 1606; x_wconf 86' lang='lat' dir='ltr'>mea.</span> <span class='ocrx_word' id='word_1_90' title='bbox 847 1561 1019 1606; x_wconf 88' lang='lat' dir='ltr'>infelici</span> <span class='ocrx_word' id='word_1_91' title='bbox 1052 1575 1145 1606; x_wconf 83' lang='lat' dir='ltr'>ma-</span> 
     </span>
     <span class='ocr_line' id='line_1_21' title="bbox 395 1622 1145 1676; baseline 0.001 -11"><span class='ocrx_word' id='word_1_92' title='bbox 395 1637 456 1667; x_wconf 90' lang='lat' dir='ltr'>nu</span> <span class='ocrx_word' id='word_1_93' title='bbox 513 1623 644 1666; x_wconf 90' lang='lat' dir='ltr'><strong>Hum.</strong></span> <span class='ocrx_word' id='word_1_94' title='bbox 703 1622 888 1676; x_wconf 80' lang='lat' dir='ltr'>scripsit</span> <span class='ocrx_word' id='word_1_95' title='bbox 946 1622 1145 1676; x_wconf 89' lang='lat' dir='ltr'>porris</span> 
     </span>
     <span class='ocr_line' id='line_1_22' title="bbox 395 1681 1145 1736; baseline -0.001 -11"><span class='ocrx_word' id='word_1_96' title='bbox 395 1681 780 1725; x_wconf 80' lang='lat' dir='ltr'>succidaneis</span> <span class='ocrx_word' id='word_1_97' title='bbox 806 1681 992 1736; x_wconf 85' lang='lat' dir='ltr'>quisint</span> <span class='ocrx_word' id='word_1_98' title='bbox 1011 1682 1145 1725; x_wconf 87' lang='lat' dir='ltr'>secti-</span> 
     </span>
     <span class='ocr_line' id='line_1_23' title="bbox 396 1739 1144 1791; baseline -0.001 -7"><span class='ocrx_word' id='word_1_99' title='bbox 396 1741 477 1791; x_wconf 86' lang='lat' dir='ltr'>les,</span> <span class='ocrx_word' id='word_1_100' title='bbox 511 1740 687 1791; x_wconf 86' lang='lat' dir='ltr'>seetivi,</span> <span class='ocrx_word' id='word_1_101' title='bbox 715 1739 923 1791; x_wconf 84' lang='lat' dir='ltr'>tonsiles,</span> <span class='ocrx_word' id='word_1_102' title='bbox 952 1740 1144 1784; x_wconf 88' lang='lat' dir='ltr'>schnitt-</span> 
     </span>
     <span class='ocr_line' id='line_1_24' title="bbox 396 1798 1145 1850; baseline -0.001 -7"><span class='ocrx_word' id='word_1_103' title='bbox 396 1799 603 1850; x_wconf 83' lang='lat' dir='ltr'>zwiebel,</span> <span class='ocrx_word' id='word_1_104' title='bbox 637 1798 884 1843; x_wconf 85' lang='lat' dir='ltr'>schlotten.</span> <span class='ocrx_word' id='word_1_105' title='bbox 918 1800 984 1843; x_wconf 89' lang='lat' dir='ltr'>sic</span> <span class='ocrx_word' id='word_1_106' title='bbox 1017 1804 1145 1843; x_wconf 89' lang='lat' dir='ltr'>cets</span> 
     </span>
     <span class='ocr_line' id='line_1_25' title="bbox 397 1857 1142 1913; baseline -0.001 -11"><span class='ocrx_word' id='word_1_107' title='bbox 397 1857 637 1903; x_wconf 84' lang='lat' dir='ltr'>confusum</span> <span class='ocrx_word' id='word_1_108' title='bbox 677 1871 748 1913; x_wconf 85' lang='lat' dir='ltr'>ap.</span> <span class='ocrx_word' id='word_1_109' title='bbox 793 1858 946 1901; x_wconf 87' lang='lat' dir='ltr'>Manil.</span> <span class='ocrx_word' id='word_1_110' title='bbox 995 1860 1033 1909; x_wconf 89' lang='lat'>1,</span> <span class='ocrx_word' id='word_1_111' title='bbox 1074 1859 1142 1901; x_wconf 83' lang='lat'>57.</span> 
     </span>
     <span class='ocr_line' id='line_1_26' title="bbox 395 1918 1018 1972; baseline 0 -11"><span class='ocrx_word' id='word_1_112' title='bbox 395 1919 474 1962; x_wconf 91' lang='lat' dir='ltr'>ubi</span> <span class='ocrx_word' id='word_1_113' title='bbox 505 1918 662 1960; x_wconf 87' lang='lat' dir='ltr'>malim</span> <span class='ocrx_word' id='word_1_114' title='bbox 699 1920 1018 1972; x_wconf 84' lang='lat' dir='ltr'>„p1·aesepta“.</span> 
     </span>
    </p>

    <p class='ocr_par' dir='ltr' id='par_1_13' title="bbox 394 1977 1143 2092">
     <span class='ocr_line' id='line_1_27' title="bbox 484 1977 1143 2031; baseline 0 -11"><span class='ocrx_word' id='word_1_115' title='bbox 484 1977 544 2020; x_wconf 85' lang='lat' dir='ltr'>ad</span> <span class='ocrx_word' id='word_1_116' title='bbox 591 1977 692 2019; x_wconf 81' lang='lat'><strong>358.</strong></span> <span class='ocrx_word' id='word_1_117' title='bbox 756 1989 979 2031; x_wconf 80' lang='lat' dir='ltr'>senape</span> <span class='ocrx_word' id='word_1_118' title='bbox 1029 1990 1143 2020; x_wconf 86' lang='lat' dir='ltr'>corr.</span> 
     </span>
     <span class='ocr_line' id='line_1_28' title="bbox 394 2036 945 2092; baseline -0.005 -12"><span class='ocrx_word' id='word_1_119' title='bbox 394 2050 479 2092; x_wconf 89' lang='lat' dir='ltr'>pro</span> <span class='ocrx_word' id='word_1_120' title='bbox 513 2036 724 2090; x_wconf 87' lang='lat' dir='ltr'>senapi</span> <span class='ocrx_word' id='word_1_121' title='bbox 759 2048 815 2079; x_wconf 85' lang='lat' dir='ltr'>ex</span> <span class='ocrx_word' id='word_1_122' title='bbox 847 2036 945 2078; x_wconf 86' lang='lat'><strong>393.</strong></span> 
     </span>
    </p>

    <p class='ocr_par' dir='ltr' id='par_1_14' title="bbox 394 2094 1149 2978">
     <span class='ocr_line' id='line_1_29' title="bbox 484 2094 1147 2149; baseline -0.002 -11"><span class='ocrx_word' id='word_1_123' title='bbox 484 2095 545 2138; x_wconf 86' lang='lat' dir='ltr'>ad</span> <span class='ocrx_word' id='word_1_124' title='bbox 588 2095 689 2138; x_wconf 82' lang='lat'><strong>359.</strong></span> <span class='ocrx_word' id='word_1_125' title='bbox 754 2099 805 2138; x_wconf 88' lang='lat' dir='ltr'>ut</span> <span class='ocrx_word' id='word_1_126' title='bbox 852 2107 908 2138; x_wconf 85' lang='lat' dir='ltr'>ea</span> <span class='ocrx_word' id='word_1_127' title='bbox 948 2094 1147 2149; x_wconf 86' lang='lat' dir='ltr'>copadia</span> 
     </span>
     <span class='ocr_line' id='line_1_30' title="bbox 396 2150 1148 2197; baseline -0.001 0"><span class='ocrx_word' id='word_1_128' title='bbox 396 2150 513 2197; x_wconf 85' lang='lat' dir='ltr'>fiant</span> <span class='ocrx_word' id='word_1_129' title='bbox 545 2153 756 2197; x_wconf 81' lang='lat' dir='ltr'>audimus</span> <span class='ocrx_word' id='word_1_130' title='bbox 789 2153 890 2196; x_wconf 84' lang='lat'><strong>370.</strong></span> <span class='ocrx_word' id='word_1_131' title='bbox 934 2179 989 2184; x_wconf 96' lang='lat'><strong>—</strong></span> <span class='ocrx_word' id='word_1_132' title='bbox 1035 2167 1148 2196; x_wconf 87' lang='lat' dir='ltr'>unns</span> 
     </span>
     <span class='ocr_line' id='line_1_31' title="bbox 395 2212 1149 2256; baseline 0 0"><span class='ocrx_word' id='word_1_133' title='bbox 395 2227 451 2256; x_wconf 86' lang='lat' dir='ltr'>ex</span> <span class='ocrx_word' id='word_1_134' title='bbox 499 2213 782 2256; x_wconf 84' lang='lat' dir='ltr'>difficillimis</span> <span class='ocrx_word' id='word_1_135' title='bbox 831 2212 958 2256; x_wconf 89' lang='lat' dir='ltr'>locis.</span> <span class='ocrx_word' id='word_1_136' title='bbox 1025 2225 1149 2256; x_wconf 89' lang='lat' dir='ltr'>cum</span> 
     </span>
     <span class='ocr_line' id='line_1_32' title="bbox 395 2270 1148 2326; baseline 0.001 -11"><span class='ocrx_word' id='word_1_137' title='bbox 395 2270 687 2315; x_wconf 82' lang='lat' dir='ltr'>fasceolis</span> <span class='ocrx_word' id='word_1_138' title='bbox 716 2270 1148 2326; x_wconf 81' lang='lat' dir='ltr'>faratareispar.</span> 
     </span>
     <span class='ocr_line' id='line_1_33' title="bbox 394 2330 1149 2387; baseline -0.001 -13"><span class='ocrx_word' id='word_1_139' title='bbox 394 2330 713 2387; x_wconf 87' lang='lat' dir='ltr'>phaseolis</span> <span class='ocrx_word' id='word_1_140' title='bbox 746 2331 1057 2385; x_wconf 85' lang='lat' dir='ltr'>paratariis</span> <span class='ocrx_word' id='word_1_141' title='bbox 1084 2331 1149 2373; x_wconf 89' lang='lat' dir='ltr'>in-</span> 
     </span>
     <span class='ocr_line' id='line_1_34' title="bbox 395 2389 1147 2443; baseline -0.003 -9"><span class='ocrx_word' id='word_1_142' title='bbox 395 2391 523 2435; x_wconf 85' lang='lat' dir='ltr'>venit</span> <span class='ocrx_word' id='word_1_143' title='bbox 557 2391 689 2433; x_wconf 90' lang='lat' dir='ltr'>Hum.</span> <span class='ocrx_word' id='word_1_144' title='bbox 725 2394 773 2433; x_wconf 91' lang='lat' dir='ltr'>et</span> <span class='ocrx_word' id='word_1_145' title='bbox 804 2389 968 2433; x_wconf 88' lang='lat' dir='ltr'>scribit</span> <span class='ocrx_word' id='word_1_146' title='bbox 1016 2402 1147 2443; x_wconf 83' lang='lat' dir='ltr'>„na-m</span> 
     </span>
     <span class='ocr_line' id='line_1_35' title="bbox 394 2447 1146 2505; baseline -0.003 -12"><span class='ocrx_word' id='word_1_147' title='bbox 394 2449 665 2505; x_wconf 87' lang='lat' dir='ltr'>propinquis</span> <span class='ocrx_word' id='word_1_148' title='bbox 719 2447 958 2499; x_wconf 84' lang='lat' dir='ltr'>fructibus,</span> <span class='ocrx_word' id='word_1_149' title='bbox 1007 2454 1057 2491; x_wconf 90' lang='lat' dir='ltr'>ut</span> <span class='ocrx_word' id='word_1_150' title='bbox 1105 2450 1146 2500; x_wconf 79' lang='lat'>2,</span> 
     </span>
     <span class='ocr_line' id='line_1_36' title="bbox 397 2507 1146 2552; baseline -0.001 -1"><span class='ocrx_word' id='word_1_151' title='bbox 397 2509 495 2552; x_wconf 82' lang='lat'><strong>175.</strong></span> <span class='ocrx_word' id='word_1_152' title='bbox 537 2508 621 2552; x_wconf 82' lang='lat' dir='ltr'>sub</span> <span class='ocrx_word' id='word_1_153' title='bbox 666 2507 897 2551; x_wconf 79' lang='lat' dir='ltr'>hortensis</span> <span class='ocrx_word' id='word_1_154' title='bbox 946 2508 1146 2551; x_wconf 88' lang='lat' dir='ltr'>smilacis</span> 
     </span>
     <span class='ocr_line' id='line_1_37' title="bbox 394 2566 1145 2617; baseline 0 -7"><span class='ocrx_word' id='word_1_155' title='bbox 394 2567 577 2611; x_wconf 88' lang='lat' dir='ltr'>nemine</span> <span class='ocrx_word' id='word_1_156' title='bbox 612 2571 813 2611; x_wconf 84' lang='lat' dir='ltr'>testatur</span> <span class='ocrx_word' id='word_1_157' title='bbox 830 2566 1145 2617; x_wconf 86' lang='lat' dir='ltr'>Dioscorides,</span> 
     </span>
     <span class='ocr_line' id='line_1_38' title="bbox 396 2626 1146 2681; baseline -0.001 -11"><span class='ocrx_word' id='word_1_158' title='bbox 396 2631 527 2670; x_wconf 85' lang='lat' dir='ltr'>tanto</span> <span class='ocrx_word' id='word_1_159' title='bbox 561 2626 764 2681; x_wconf 90' lang='lat' dir='ltr'>undique</span> <span class='ocrx_word' id='word_1_160' title='bbox 796 2626 1076 2669; x_wconf 84' lang='lat' dir='ltr'>incremento</span> <span class='ocrx_word' id='word_1_161' title='bbox 1096 2638 1146 2669; x_wconf 89' lang='lat' dir='ltr'>se</span> 
     </span>
     <span class='ocr_line' id='line_1_39' title="bbox 394 2684 1145 2741; baseline -0.001 -13"><span class='ocrx_word' id='word_1_162' title='bbox 394 2685 648 2741; x_wconf 80' lang='lat' dir='ltr'>implicant,</span> <span class='ocrx_word' id='word_1_163' title='bbox 692 2689 744 2728; x_wconf 88' lang='lat' dir='ltr'>ut</span> <span class='ocrx_word' id='word_1_164' title='bbox 791 2697 952 2728; x_wconf 83' lang='lat' dir='ltr'>scenas</span> <span class='ocrx_word' id='word_1_165' title='bbox 1002 2684 1145 2728; x_wconf 85' lang='lat' dir='ltr'>etiam</span> 
     </span>
     <span class='ocr_line' id='line_1_40' title="bbox 395 2743 1146 2799; baseline -0.003 -11"><span class='ocrx_word' id='word_1_166' title='bbox 395 2750 442 2788; x_wconf 86' lang='lat' dir='ltr'>et</span> <span class='ocrx_word' id='word_1_167' title='bbox 460 2744 663 2788; x_wconf 85' lang='lat' dir='ltr'>tentoria</span> <span class='ocrx_word' id='word_1_168' title='bbox 680 2743 981 2787; x_wconf 85' lang='lat' dir='ltr'>inumbrent“.</span> <span class='ocrx_word' id='word_1_169' title='bbox 1019 2743 1146 2799; x_wconf 89' lang='lat' dir='ltr'>quod</span> 
     </span>
     <span class='ocr_line' id='line_1_41' title="bbox 394 2802 1145 2847; baseline -0.003 0"><span class='ocrx_word' id='word_1_170' title='bbox 394 2803 674 2847; x_wconf 85' lang='lat' dir='ltr'>adieetivum</span> <span class='ocrx_word' id='word_1_171' title='bbox 707 2803 746 2845; x_wconf 92' lang='lat' dir='ltr'>si</span> <span class='ocrx_word' id='word_1_172' title='bbox 768 2803 814 2845; x_wconf 91' lang='lat' dir='ltr'>in</span> <span class='ocrx_word' id='word_1_173' title='bbox 831 2802 950 2846; x_wconf 87' lang='lat' dir='ltr'>libro</span> <span class='ocrx_word' id='word_1_174' title='bbox 969 2802 1026 2846; x_wconf 90' lang='lat' dir='ltr'>de</span> <span class='ocrx_word' id='word_1_175' title='bbox 1046 2807 1145 2846; x_wconf 85' lang='lat' dir='ltr'>arte</span> 
     </span>
     <span class='ocr_line' id='line_1_42' title="bbox 395 2861 1145 2919; baseline -0.003 -12"><span class='ocrx_word' id='word_1_176' title='bbox 395 2862 664 2919; x_wconf 86' lang='lat' dir='ltr'>coquinaria</span> <span class='ocrx_word' id='word_1_177' title='bbox 681 2861 833 2906; x_wconf 89' lang='lat' dir='ltr'>locum</span> <span class='ocrx_word' id='word_1_178' title='bbox 851 2861 1021 2905; x_wconf 87' lang='lat' dir='ltr'>habere</span> <span class='ocrx_word' id='word_1_179' title='bbox 1038 2874 1145 2917; x_wconf 86' lang='lat' dir='ltr'>pos-</span> 
     </span>
     <span class='ocr_line' id='line_1_43' title="bbox 395 2921 1141 2978; baseline -0.005 -9"><span class='ocrx_word' id='word_1_180' title='bbox 395 2926 482 2977; x_wconf 79' lang='lat' dir='ltr'>set,</span> <span class='ocrx_word' id='word_1_181' title='bbox 500 2926 623 2968; x_wconf 84' lang='lat' dir='ltr'>esset</span> <span class='ocrx_word' id='word_1_182' title='bbox 639 2921 797 2978; x_wconf 84' lang='lat' dir='ltr'>potius</span> <span class='ocrx_word' id='word_1_183' title='bbox 824 2921 1141 2977; x_wconf 79' lang='lat' dir='ltr'>„parietariis“</span> 
     </span>
    </p>
   </div>
   <div class='ocr_carea' id='block_1_12' title="bbox 1234 1324 1987 2965">
    <p class='ocr_par' dir='ltr' id='par_1_15' title="bbox 1234 1324 1987 2965">
     <span class='ocr_line' id='line_1_44' title="bbox 1235 1324 1981 1382; baseline -0.001 -12"><span class='ocrx_word' id='word_1_184' title='bbox 1235 1340 1269 1370; x_wconf 92' lang='lat' dir='ltr'><strong>s.</strong></span> <span class='ocrx_word' id='word_1_185' title='bbox 1294 1326 1584 1382; x_wconf 86' lang='lat' dir='ltr'>„parietinis“</span> <span class='ocrx_word' id='word_1_186' title='bbox 1613 1340 1668 1371; x_wconf 88' lang='lat' dir='ltr'>ex</span> <span class='ocrx_word' id='word_1_187' title='bbox 1685 1324 1845 1371; x_wconf 78' lang='lat' dir='ltr'>Aurei.</span> <span class='ocrx_word' id='word_1_188' title='bbox 1861 1327 1981 1371; x_wconf 89' lang='lat' dir='ltr'>Viet.</span> 
     </span>
     <span class='ocr_line' id='line_1_45' title="bbox 1234 1384 1984 1441; baseline 0 -12"><span class='ocrx_word' id='word_1_189' title='bbox 1234 1387 1279 1429; x_wconf 86' lang='lat' dir='ltr'>in</span> <span class='ocrx_word' id='word_1_190' title='bbox 1328 1385 1486 1430; x_wconf 80' lang='lat' dir='ltr'>Const.</span> <span class='ocrx_word' id='word_1_191' title='bbox 1535 1386 1644 1441; x_wconf 85' lang='lat' dir='ltr'>epit.</span> <span class='ocrx_word' id='word_1_192' title='bbox 1694 1386 1734 1429; x_wconf 88' lang='lat'>6.</span> <span class='ocrx_word' id='word_1_193' title='bbox 1784 1391 1831 1430; x_wconf 85' lang='lat' dir='ltr'>et</span> <span class='ocrx_word' id='word_1_194' title='bbox 1870 1384 1984 1429; x_wconf 88' lang='lat' dir='ltr'>Am-</span> 
     </span>
     <span class='ocr_line' id='line_1_46' title="bbox 1234 1445 1986 1501; baseline 0 -13"><span class='ocrx_word' id='word_1_195' title='bbox 1234 1445 1370 1488; x_wconf 85' lang='lat' dir='ltr'>mian.</span> <span class='ocrx_word' id='word_1_196' title='bbox 1405 1445 1541 1488; x_wconf 85' lang='lat' dir='ltr'>Marc.</span> <span class='ocrx_word' id='word_1_197' title='bbox 1576 1446 1646 1495; x_wconf 80' lang='lat'>27,</span> <span class='ocrx_word' id='word_1_198' title='bbox 1679 1446 1721 1496; x_wconf 88' lang='grc'>3,</span> <span class='ocrx_word' id='word_1_199' title='bbox 1755 1445 1795 1489; x_wconf 95' lang='lat'>7.</span> <span class='ocrx_word' id='word_1_200' title='bbox 1830 1445 1908 1501; x_wconf 90' lang='lat' dir='ltr'>qui</span> <span class='ocrx_word' id='word_1_201' title='bbox 1924 1445 1986 1488; x_wconf 88' lang='lat' dir='ltr'>ad</span> 
     </span>
     <span class='ocr_line' id='line_1_47' title="bbox 1234 1504 1985 1562; baseline 0 -15"><span class='ocrx_word' id='word_1_202' title='bbox 1234 1504 1436 1560; x_wconf 87' lang='lat' dir='ltr'>parietes</span> <span class='ocrx_word' id='word_1_203' title='bbox 1493 1504 1802 1560; x_wconf 85' lang='lat' dir='ltr'>pergulasque</span> <span class='ocrx_word' id='word_1_204' title='bbox 1856 1517 1985 1562; x_wconf 83' lang='lat' dir='ltr'>scan-</span> 
     </span>
     <span class='ocr_line' id='line_1_48' title="bbox 1235 1563 1981 1618; baseline 0 -11"><span class='ocrx_word' id='word_1_205' title='bbox 1235 1564 1344 1607; x_wconf 90' lang='lat' dir='ltr'>dere</span> <span class='ocrx_word' id='word_1_206' title='bbox 1397 1564 1509 1618; x_wconf 84' lang='lat' dir='ltr'>apti,</span> <span class='ocrx_word' id='word_1_207' title='bbox 1557 1563 1631 1607; x_wconf 82' lang='lat' dir='ltr'>vel</span> <span class='ocrx_word' id='word_1_208' title='bbox 1683 1564 1981 1618; x_wconf 83' lang='lat' dir='ltr'>„paratariis“</span> 
     </span>
     <span class='ocr_line' id='line_1_49' title="bbox 1236 1622 1986 1678; baseline 0 -12"><span class='ocrx_word' id='word_1_209' title='bbox 1236 1636 1292 1666; x_wconf 86' lang='lat' dir='ltr'>ex</span> <span class='ocrx_word' id='word_1_210' title='bbox 1326 1622 1499 1678; x_wconf 83' lang='lat' dir='ltr'>Vergil.</span> <span class='ocrx_word' id='word_1_211' title='bbox 1536 1623 1588 1666; x_wconf 80' lang='lat' dir='ltr'>G.</span> <span class='ocrx_word' id='word_1_212' title='bbox 1626 1624 1665 1671; x_wconf 88' lang='grc'>1,</span> <span class='ocrx_word' id='word_1_213' title='bbox 1700 1623 1800 1666; x_wconf 77' lang='lat'><strong>227.</strong></span> <span class='ocrx_word' id='word_1_214' title='bbox 1833 1622 1881 1665; x_wconf 91' lang='lat' dir='ltr'>id</span> <span class='ocrx_word' id='word_1_215' title='bbox 1914 1626 1986 1666; x_wconf 90' lang='lat' dir='ltr'>est</span> 
     </span>
     <span class='ocr_line' id='line_1_50' title="bbox 1236 1681 1985 1736; baseline 0 -12"><span class='ocrx_word' id='word_1_216' title='bbox 1236 1681 1420 1732; x_wconf 89' lang='lat' dir='ltr'>vilibus,</span> <span class='ocrx_word' id='word_1_217' title='bbox 1470 1681 1770 1736; x_wconf 63' lang='lat' dir='ltr'>mirabilibus,</span> <span class='ocrx_word' id='word_1_218' title='bbox 1817 1687 1985 1736; x_wconf 83' lang='lat' dir='ltr'>para-tu</span> 
     </span>
     <span class='ocr_line' id='line_1_51' title="bbox 1238 1739 1985 1796; baseline 0 -13"><span class='ocrx_word' id='word_1_219' title='bbox 1238 1739 1467 1790; x_wconf 83' lang='lat' dir='ltr'>facilibus,</span> <span class='ocrx_word' id='word_1_220' title='bbox 1502 1740 1662 1796; x_wconf 84' lang='lat' dir='ltr'>quales</span> <span class='ocrx_word' id='word_1_221' title='bbox 1694 1741 1755 1783; x_wconf 87' lang='lat' dir='ltr'>ad</span> <span class='ocrx_word' id='word_1_222' title='bbox 1788 1753 1890 1784; x_wconf 91' lang='lat' dir='ltr'>eum</span> <span class='ocrx_word' id='word_1_223' title='bbox 1925 1741 1985 1784; x_wconf 90' lang='lat' dir='ltr'>ci-</span> 
     </span>
     <span class='ocr_line' id='line_1_52' title="bbox 1236 1799 1986 1855; baseline 0 -12"><span class='ocrx_word' id='word_1_224' title='bbox 1236 1800 1343 1844; x_wconf 89' lang='lat' dir='ltr'>bum</span> <span class='ocrx_word' id='word_1_225' title='bbox 1377 1799 1722 1855; x_wconf 87' lang='lat' dir='ltr'>exquisitiorem</span> <span class='ocrx_word' id='word_1_226' title='bbox 1763 1812 1853 1843; x_wconf 89' lang='lat' dir='ltr'>non</span> <span class='ocrx_word' id='word_1_227' title='bbox 1886 1799 1986 1843; x_wconf 84' lang='lat' dir='ltr'>ido-</span> 
     </span>
     <span class='ocr_line' id='line_1_53' title="bbox 1237 1858 1984 1914; baseline -0.001 -12"><span class='ocrx_word' id='word_1_228' title='bbox 1237 1872 1348 1902; x_wconf 89' lang='lat' dir='ltr'>neos</span> <span class='ocrx_word' id='word_1_229' title='bbox 1383 1871 1483 1902; x_wconf 89' lang='lat' dir='ltr'>esse</span> <span class='ocrx_word' id='word_1_230' title='bbox 1511 1858 1823 1914; x_wconf 82' lang='lat' dir='ltr'>unusquisque</span> <span class='ocrx_word' id='word_1_231' title='bbox 1840 1858 1984 1902; x_wconf 82' lang='lat' dir='ltr'>videt.</span> 
     </span>
     <span class='ocr_line' id='line_1_54' title="bbox 1241 1917 1984 1972; baseline 0 -12"><span class='ocrx_word' id='word_1_232' title='bbox 1241 1917 1483 1971; x_wconf 86' lang='lat' dir='ltr'>„faseolis“</span> <span class='ocrx_word' id='word_1_233' title='bbox 1535 1922 1696 1960; x_wconf 80' lang='lat' dir='ltr'>tenens</span> <span class='ocrx_word' id='word_1_234' title='bbox 1756 1917 1984 1972; x_wconf 89' lang='lat' dir='ltr'>equidem,</span> 
     </span>
     <span class='ocr_line' id='line_1_55' title="bbox 1236 1975 1986 2029; baseline 0 -9"><span class='ocrx_word' id='word_1_235' title='bbox 1236 1977 1389 2021; x_wconf 86' lang='lat' dir='ltr'>inveni</span> <span class='ocrx_word' id='word_1_236' title='bbox 1423 1975 1702 2029; x_wconf 34' lang='lat' dir='ltr'>,ffaiiiiariis“</span> <span class='ocrx_word' id='word_1_237' title='bbox 1728 1977 1852 2019; x_wconf 87' lang='lat' dir='ltr'>mola</span> <span class='ocrx_word' id='word_1_238' title='bbox 1869 1975 1986 2020; x_wconf 87' lang='lat' dir='ltr'>frac-</span> 
     </span>
     <span class='ocr_line' id='line_1_56' title="bbox 1239 2034 1986 2090; baseline 0.001 -16"><span class='ocrx_word' id='word_1_239' title='bbox 1239 2036 1313 2086; x_wconf 81' lang='lat' dir='ltr'>tis,</span> <span class='ocrx_word' id='word_1_240' title='bbox 1348 2035 1541 2090; x_wconf 69' lang='grc' dir='ltr'>ἓρεγματι</span> <span class='ocrx_word' id='word_1_241' title='bbox 1572 2049 1653 2079; x_wconf 78' lang='lat' dir='ltr'>seu</span> <span class='ocrx_word' id='word_1_242' title='bbox 1672 2034 1848 2090; x_wconf 67' lang='grc' dir='ltr'>ἓρεγμῶ,</span> <span class='ocrx_word' id='word_1_243' title='bbox 1865 2034 1986 2075; x_wconf 56' lang='lat' dir='ltr'>diez&gt;-</span> 
     </span>
     <span class='ocr_line' id='line_1_57' title="bbox 1241 2092 1985 2150; baseline 0.004 -17"><span class='ocrx_word' id='word_1_244' title='bbox 1241 2112 1283 2148; x_wconf 82' lang='grc' dir='ltr'><strong><em>ρ</em></strong></span> <span class='ocrx_word' id='word_1_245' title='bbox 1269 2111 1298 2133; x_wconf 86' lang='grc' dir='ltr'>ω</span> <span class='ocrx_word' id='word_1_246' title='bbox 1333 2092 1375 2134; x_wconf 74' lang='grc' dir='ltr'>ἕο</span> <span class='ocrx_word' id='word_1_247' title='bbox 1357 2111 1473 2150; x_wconf 73' lang='grc' dir='ltr'><em>ριεγμ</em></span> <span class='ocrx_word' id='word_1_248' title='bbox 1469 2099 1515 2134; x_wconf 72' lang='lat'>“1³</span> <span class='ocrx_word' id='word_1_249' title='bbox 1541 2108 1666 2149; x_wconf 85' lang='lat' dir='ltr'>,&#39;plO</span> <span class='ocrx_word' id='word_1_250' title='bbox 1701 2107 1791 2150; x_wconf 83' lang='lat' dir='ltr'>qllO</span> <span class='ocrx_word' id='word_1_251' title='bbox 1815 2094 1985 2138; x_wconf 76' lang='lat' dir='ltr'>lOmen-</span> 
     </span>
     <span class='ocr_line' id='line_1_58' title="bbox 1240 2111 1986 2207; baseline 0 -10"><span class='ocrx_word' id='word_1_252' title='bbox 1240 2160 1289 2197; x_wconf 85' lang='lat' dir='ltr'>to</span> <span class='ocrx_word' id='word_1_253' title='bbox 1323 2167 1429 2197; x_wconf 86' lang='lat' dir='ltr'>mox</span> <span class='ocrx_word' id='word_1_254' title='bbox 1461 2111 1670 2198; x_wconf 75' lang='lat' dir='ltr'>bucellae</span> <span class='ocrx_word' id='word_1_255' title='bbox 1687 2153 1819 2207; x_wconf 81' lang='lat' dir='ltr'>panis</span> <span class='ocrx_word' id='word_1_256' title='bbox 1837 2153 1986 2197; x_wconf 87' lang='lat' dir='ltr'>adius</span> 
     </span>
     <span class='ocr_line' id='line_1_59' title="bbox 1241 2212 1985 2268; baseline -0.003 -11"><span class='ocrx_word' id='word_1_257' title='bbox 1241 2212 1540 2268; x_wconf 83' lang='lat' dir='ltr'>obligandum</span> <span class='ocrx_word' id='word_1_258' title='bbox 1553 2212 1873 2255; x_wconf 83' lang='lat' dir='ltr'>adhibeantur.</span> <span class='ocrx_word' id='word_1_259' title='bbox 1893 2212 1985 2255; x_wconf 90' lang='lat' dir='ltr'>duo</span> 
     </span>
     <span class='ocr_line' id='line_1_60' title="bbox 1242 2271 1987 2326; baseline -0.003 -11"><span class='ocrx_word' id='word_1_260' title='bbox 1242 2271 1487 2315; x_wconf 88' lang='lat' dir='ltr'>condiendi</span> <span class='ocrx_word' id='word_1_261' title='bbox 1528 2283 1699 2326; x_wconf 85' lang='lat' dir='ltr'>genera</span> <span class='ocrx_word' id='word_1_262' title='bbox 1738 2271 1987 2314; x_wconf 86' lang='lat' dir='ltr'>statuenda</span> 
     </span>
     <span class='ocr_line' id='line_1_61' title="bbox 1240 2329 1986 2385; baseline -0.004 -11"><span class='ocrx_word' id='word_1_263' title='bbox 1240 2343 1341 2374; x_wconf 86' lang='lat' dir='ltr'>esse</span> <span class='ocrx_word' id='word_1_264' title='bbox 1373 2343 1457 2385; x_wconf 89' lang='lat' dir='ltr'>pro</span> <span class='ocrx_word' id='word_1_265' title='bbox 1491 2335 1618 2373; x_wconf 85' lang='lat' dir='ltr'>certo</span> <span class='ocrx_word' id='word_1_266' title='bbox 1635 2329 1800 2373; x_wconf 85' lang='lat' dir='ltr'>habeo.</span> <span class='ocrx_word' id='word_1_267' title='bbox 1833 2330 1986 2372; x_wconf 90' lang='lat' dir='ltr'>inveni</span> 
     </span>
     <span class='ocr_line' id='line_1_62' title="bbox 1240 2387 1985 2443; baseline -0.001 -11"><span class='ocrx_word' id='word_1_268' title='bbox 1240 2390 1379 2433; x_wconf 83' lang='lat' dir='ltr'>etiam</span> <span class='ocrx_word' id='word_1_269' title='bbox 1437 2387 1757 2432; x_wconf 88' lang='lat' dir='ltr'>fasciculis</span> <span class='ocrx_word' id='word_1_270' title='bbox 1812 2400 1985 2443; x_wconf 85' lang='lat' dir='ltr'>para-</span> 
     </span>
     <span class='ocr_line' id='line_1_63' title="bbox 1239 2448 1985 2503; baseline -0.001 -12"><span class='ocrx_word' id='word_1_271' title='bbox 1239 2448 1418 2491; x_wconf 88' lang='lat' dir='ltr'>tariis</span> <span class='ocrx_word' id='word_1_272' title='bbox 1481 2448 1640 2503; x_wconf 85' lang='lat' dir='ltr'>quales</span> <span class='ocrx_word' id='word_1_273' title='bbox 1702 2448 1794 2491; x_wconf 87' lang='lat' dir='ltr'>sint</span> <span class='ocrx_word' id='word_1_274' title='bbox 1839 2452 1985 2496; x_wconf 87' lang='lat' dir='ltr'>rutae,</span> 
     </span>
     <span class='ocr_line' id='line_1_64' title="bbox 1238 2506 1986 2562; baseline -0.003 -11"><span class='ocrx_word' id='word_1_275' title='bbox 1238 2507 1377 2558; x_wconf 86' lang='lat' dir='ltr'>aneti,</span> <span class='ocrx_word' id='word_1_276' title='bbox 1425 2507 1617 2562; x_wconf 83' lang='lat' dir='ltr'>origani,</span> <span class='ocrx_word' id='word_1_277' title='bbox 1675 2506 1815 2561; x_wconf 83' lang='lat' dir='ltr'>porri,</span> <span class='ocrx_word' id='word_1_278' title='bbox 1870 2519 1986 2561; x_wconf 90' lang='lat' dir='ltr'>quos</span> 
     </span>
     <span class='ocr_line' id='line_1_65' title="bbox 1236 2565 1984 2621; baseline -0.005 -10"><span class='ocrx_word' id='word_1_279' title='bbox 1236 2566 1406 2611; x_wconf 86' lang='lat' dir='ltr'>Noster</span> <span class='ocrx_word' id='word_1_280' title='bbox 1437 2566 1621 2621; x_wconf 87' lang='lat' dir='ltr'>saepius</span> <span class='ocrx_word' id='word_1_281' title='bbox 1652 2566 1698 2608; x_wconf 92' lang='lat' dir='ltr'>in</span> <span class='ocrx_word' id='word_1_282' title='bbox 1730 2565 1799 2608; x_wconf 88' lang='lat' dir='ltr'>ius</span> <span class='ocrx_word' id='word_1_283' title='bbox 1827 2565 1984 2615; x_wconf 89' lang='lat' dir='ltr'>mittit,</span> 
     </span>
     <span class='ocr_line' id='line_1_66' title="bbox 1236 2622 1986 2674; baseline -0.004 -5"><span class='ocrx_word' id='word_1_284' title='bbox 1236 2625 1311 2669; x_wconf 87' lang='lat' dir='ltr'>vel</span> <span class='ocrx_word' id='word_1_285' title='bbox 1355 2637 1481 2668; x_wconf 90' lang='lat' dir='ltr'>eum</span> <span class='ocrx_word' id='word_1_286' title='bbox 1532 2623 1639 2673; x_wconf 85' lang='lat' dir='ltr'>fas,</span> <span class='ocrx_word' id='word_1_287' title='bbox 1688 2624 1858 2674; x_wconf 87' lang='lat' dir='ltr'>colis,</span> <span class='ocrx_word' id='word_1_288' title='bbox 1901 2622 1986 2666; x_wconf 86' lang='lat' dir='ltr'>fa-</span> 
     </span>
     <span class='ocr_line' id='line_1_67' title="bbox 1236 2681 1986 2737; baseline -0.003 -10"><span class='ocrx_word' id='word_1_289' title='bbox 1236 2689 1383 2735; x_wconf 86' lang='lat' dir='ltr'>rato,</span> <span class='ocrx_word' id='word_1_290' title='bbox 1416 2684 1463 2726; x_wconf 92' lang='lat' dir='ltr'>si</span> <span class='ocrx_word' id='word_1_291' title='bbox 1496 2683 1589 2726; x_wconf 85' lang='lat' dir='ltr'>vis</span> <span class='ocrx_word' id='word_1_292' title='bbox 1622 2683 1719 2737; x_wconf 90' lang='lat' dir='ltr'>liq.</span> <span class='ocrx_word' id='word_1_293' title='bbox 1764 2681 1889 2737; x_wconf 91' lang='lat' dir='ltr'>quod</span> <span class='ocrx_word' id='word_1_294' title='bbox 1926 2682 1986 2725; x_wconf 86' lang='lat' dir='ltr'>sit</span> 
     </span>
     <span class='ocr_line' id='line_1_68' title="bbox 1236 2736 1986 2792; baseline -0.004 -6"><span class='ocrx_word' id='word_1_295' title='bbox 1236 2742 1341 2786; x_wconf 90' lang='lat' dir='ltr'>colo</span> <span class='ocrx_word' id='word_1_296' title='bbox 1375 2741 1524 2786; x_wconf 91' lang='lat' dir='ltr'>echini</span> <span class='ocrx_word' id='word_1_297' title='bbox 1557 2741 1707 2792; x_wconf 87' lang='lat' dir='ltr'>condi,</span> <span class='ocrx_word' id='word_1_298' title='bbox 1753 2754 1853 2784; x_wconf 87' lang='lat' dir='ltr'>eum</span> <span class='ocrx_word' id='word_1_299' title='bbox 1886 2736 1986 2785; x_wconf 86' lang='lat' dir='ltr'>fieri</span> 
     </span>
     <span class='ocr_line' id='line_1_69' title="bbox 1234 2801 1986 2857; baseline -0.004 -12"><span class='ocrx_word' id='word_1_300' title='bbox 1234 2805 1408 2857; x_wconf 86' lang='lat' dir='ltr'>potest,</span> <span class='ocrx_word' id='word_1_301' title='bbox 1448 2801 1486 2844; x_wconf 90' lang='lat' dir='ltr'>si</span> <span class='ocrx_word' id='word_1_302' title='bbox 1518 2805 1625 2844; x_wconf 88' lang='lat' dir='ltr'>sunt</span> <span class='ocrx_word' id='word_1_303' title='bbox 1658 2801 1758 2844; x_wconf 77' lang='lat'>218</span> <span class='ocrx_word' id='word_1_304' title='bbox 1792 2801 1895 2845; x_wconf 81' lang='lat'>372</span> <span class='ocrx_word' id='word_1_305' title='bbox 1938 2804 1986 2843; x_wconf 89' lang='lat' dir='ltr'>et</span> 
     </span>
     <span class='ocr_line' id='line_1_70' title="bbox 1235 2859 1985 2916; baseline -0.003 -13"><span class='ocrx_word' id='word_1_306' title='bbox 1235 2859 1354 2904; x_wconf 86' lang='lat' dir='ltr'>farre</span> <span class='ocrx_word' id='word_1_307' title='bbox 1388 2859 1548 2916; x_wconf 86' lang='lat' dir='ltr'>obliga</span> <span class='ocrx_word' id='word_1_308' title='bbox 1583 2859 1658 2904; x_wconf 89' lang='lat' dir='ltr'>vel</span> <span class='ocrx_word' id='word_1_309' title='bbox 1685 2859 1877 2903; x_wconf 87' lang='lat' dir='ltr'>bucellis</span> <span class='ocrx_word' id='word_1_310' title='bbox 1904 2870 1985 2914; x_wconf 90' lang='lat' dir='ltr'>pa-</span> 
     </span>
     <span class='ocr_line' id='line_1_71' title="bbox 1234 2917 1985 2965; baseline 0 -2"><span class='ocrx_word' id='word_1_311' title='bbox 1234 2919 1304 2965; x_wconf 82' lang='lat' dir='ltr'>nis</span> <span class='ocrx_word' id='word_1_312' title='bbox 1352 2919 1380 2964; x_wconf 91' lang='lat' dir='ltr'>i.</span> <span class='ocrx_word' id='word_1_313' title='bbox 1416 2933 1454 2964; x_wconf 91' lang='lat' dir='ltr'>e.</span> <span class='ocrx_word' id='word_1_314' title='bbox 1504 2918 1743 2964; x_wconf 86' lang='lat' dir='ltr'>confracto</span> <span class='ocrx_word' id='word_1_315' title='bbox 1792 2919 1861 2963; x_wconf 86' lang='lat'><strong>53.</strong></span> <span class='ocrx_word' id='word_1_316' title='bbox 1909 2917 1985 2963; x_wconf 89' lang='lat' dir='ltr'>vel</span> 
     </span>
    </p>
   </div>
  </div>
 </body>
</html>
