2098 3470
355 352 428 409 44
780 392 788 395 »
883 352 983 401 Lib.
1015 354 1071 401 II.
1135 354 1394 414 Sarooptes.

356 487 481 541 dum
530 487 705 542 locum
750 487 951 542 habent
1016 490 1083 543 de
1136 489 1383 556 fasianis,
1436 490 1559 543 item
1610 488 1817 542 tertium
1868 490 1943 542 10-

353 562 685 630 tantundem,
740 580 913 631 aquae
965 564 1057 616 VI.
1101 564 1239 617 mitis
1298 568 1350 617 et
1392 563 1461 616 ad
1500 579 1758 632 vaporem
1803 563 1944 631 ignis

394 653 540 691 ones

352 651 386 704 p
465 711 552 763 48.
613 709 900 763 1616111111
941 711 1267 779 simplex:
1335 710 1405 764 ad
1444 727 1604 763 unum
1644 710 1944 778 liquaminis

352 786 690 838 acetabulum
731 800 903 850 aquae
943 790 1149 853 septem
1189 785 1382 851 mitteS,
1430 784 1699 838 modicum
1739 784 1829 852 api
1868 784 1941 836 vi-

352 858 499 926 ridis,
553 857 660 910 triti
707 858 909 926 piperis
963 860 1225 912 cocleare.
1275 859 1480 912 isiciola
1521 875 1837 925 concoques.
1895 863 1947 911 et

353 932 398 986 si
450 932 520 986 ad
572 937 811 986 ventrem
865 932 1178 986 solvendum
1232 932 1401 1000 dabis,
1456 932 1743 1000 hidrogaro
1797 932 1945 986 feces

353 1006 551 1061 conditi
591 1005 779 1060 addes

464 1082 551 1136 49.
606 1080 828 1134 Isicia
881 1079 962 1134 de
1019 1097 1196 1150 pavo
1251 1081 1476 1149 primum
1516 1081 1693 1134 locum
1745 1080 1947 1135 habent

352 1154 426 1209 ita
453 1154 497 1208 si
536 1154 693 1210 fricta
743 1154 889 1222 fiunt,
944 1160 1000 1208 ut
1053 1156 1245 1209 callum
1297 1155 1527 1210 vincant.

352 1317 463 1363 item
495 1330 579 1373 pro
616 1317 813 1374 ..pullis·‘
842 1317 1028 1363 habent.
1050 1344 1103 1349 -

352 1388 547 1434 aquae
587 1376 679 1424 XI.
724 1378 858 1422 codd.
906 1377 984 1434 qui
1025 1391 1104 1423 nu-

352 1449 506 1482 merus
522 1436 633 1481 item
653 1435 870 1482 confusus
890 1438 987 1482 151.
1003 1438 1103 1483 384.

354 1495 491 1542 Orell.
526 1496 736 1553 Inscript.
774 1498 872 1541 245.
908 1523 963 1529 —
1003 1498 1105 1542 mi—

352 1555 435 1600 tis
477 1555 504 1598 i.
541 1569 577 1600 e.
612 1557 800 1611 mitigas
832 1556 984 1610 melle,
1028 1556 1105 1602 de-

351 1613 507 1666 fricto,
550 1629 643 1660 non
685 1617 827 1661 semel
872 1630 984 1662 corr.
1020 1630 1105 1672 pro

351 1674 568 1719 mittis.
605 1701 659 1708 —
694 1676 879 1721 codices
910 1678 1107 1733 iungunt

352 1747 541 1790 pones
573 1735 827 1780 isicium.

441 1793 503 1837 ad
543 1793 613 1838 48.
680 1796 947 1848 coclear,
1010 1809 1106 1840 co-

352 1851 945 1905 cleare,coclearium
963 1855 1103 1901 codd.

350 1916 399 1957 et
433 1912 529 1956 105.
567 1913 667 1957 145.
715 1915 939 1960 coclearis
981 1929 1105 1960 men-

350 1971 942 2024 61113,Ρ1111.21,172.-
977 1988 1103 2019 6011-

351 2044 577 2087 coques
627 2044 729 2076 cum
779 2047 834 2078 60
883 2034 981 2079 11116
1029 2048 1104 2079 60-

351 2103 464 2147 ques
506 2104 622 2135 corr
666 2105 751 2147 pro
798 2094 1101 2150 incoques.

348 2149 397 2193 id
434 2162 541 2193 con
570 2151 679 2195 olim
703 2152 994 2197 scribebatur
1026 2166 1102 2204 cn,

348 2208 471 2253 unde
501 2209 680 2262 vitium,
713 2211 780 2256 sic
802 2213 1020 2267 passim,
1026 2213 1103 2263 ,in-

348 2266 499 2312 feres⁴‘
533 2274 649 2321 est,
655 2269 923 2321 ,conferes‘fi
960 2297 1011 2302 —-
1053 2272 1103 2316 si

347 2341 433 2383 pro
465 2329 553 2372 sic
586 2342 699 2373 corr.
735 2330 898 2374 Lister.
927 2356 975 2360 -—
1014 2344 1103 2386 pe-

349 2399 446 2430 ces
475 2387 523 2441 γζ
546 2388 616 2432 6(1.
641 2401 707 2443 pr.
735 2390 820 2442 (sic
842 2389 962 2433 male
986 2403 1043 2445 „p
1059 2403 1102 2434 6-

349 2445 481 2489 cula‘·
529 2459 604 2501 ap.
650 2448 765 2490 Plin.
810 2448 913 2492 Val.
958 2449 999 2499 2,
1031 2449 1102 2492 45

347 2503 427 2548 fol.
481 2505 579 2549 189.
628 2518 668 2549 a.
720 2510 768 2550 et
814 2506 1100 2559 3,19.f01.

348 2563 446 2607 194.
491 2564 536 2608 b
581 2565 654 2609 ed.
695 2564 807 2609 Ald.
840 2566 996 2622 picula
1027 2579 1099 2622 ap.

347 2621 517 2678 Veget.
551 2624 593 2674 3,
625 2623 699 2667 46.
736 2626 776 2676 1,
811 2626 880 2677 11,
911 2626 949 2668 7
969 2625 1011 2676 5,
1030 2626 1100 2677 69,

346 2682 386 2725 5.
408 2686 456 2726 et
472 2682 602 2735 alibi)
628 2681 820 2728 facies
858 2685 959 2728 60(1.
978 2683 1099 2728 1111111.

346 2741 556 2796 (volebat
587 2740 805 2793 faeces,
839 2756 957 2799 quae
993 2744 1101 2787 scri-

344 2800 486 2845 bendi
502 2801 623 2844 ratio
643 2806 869 2856 praestat,
889 2802 1099 2846 Hildebr.

344 2858 406 2902 ad
436 2858 581 2914 Apul.
604 2861 643 2903 1.
676 2874 722 2915 p
739 2859 832 2913 40.)
866 2873 1100 2916 (1113111νο-

346 2930 444 2962 cem
490 2931 583 2962 non
640 2919 918 2975 intellegens
964 2920 1098 2963 Hum.

346 2977 484 3024 offert
571 2978 736 3025 sales
814 2978 1100 3024 conditos

1582 1156 1711 1210 item
1759 1172 1945 1210 secun·

1198 1320 1358 1377 quales
1400 1325 1435 1375 ἓ.
1470 1321 1540 1365 29.
1579 1320 1814 1366 habemus.
1855 1334 1946 1368 me·

1197 1381 1348 1426 dicum
1368 1386 1554 1437 praeter
1583 1381 1810 1427 medicum
1828 1381 1944 1428 Cels.

1197 1441 1239 1491 2,
1261 1441 1331 1484 33.
1361 1441 1541 1497 „pulvis
1565 1454 1619 1486 ex
1642 1441 1742 1486 fece
1754 1442 1886 1487 vini“.
1904 1443 1947 1494 4,

1197 1501 1268 1544 22.
1286 1499 1390 1551 „fex
1407 1501 1566 1545 arida“
1592 1506 1639 1546 et
1661 1502 1702 1553 5,
1724 1502 1793 1553 18,
1814 1501 1881 1545 14.
1901 1506 1949 1547 et

1200 1559 1359 1605 Galen.
1384 1574 1588 1617 compos.
1599 1574 1688 1606 sec.
1710 1561 1815 1605 loca
1833 1562 1873 1613 1,
1905 1562 1945 1605 8.

1199 1620 1366 1665 docere
1397 1625 1649 1677 potuerunt
1678 1621 1794 1665 Plin.
1829 1620 1881 1664 T.
1911 1620 1945 1665 Ι.

1196 1693 1239 1735 p.
1275 1680 1346 1730 62,
1381 1682 1418 1724 1.
1456 1679 1591 1731 „faex
1623 1684 1811 1735 sapae“.
1843 1680 1947 1723 Pal-

1196 1738 1288 1782 lad.
1333 1740 1375 1790 2,
1422 1740 1491 1791 14,
1536 1740 1573 1784 5.
1625 1739 1806 1792 „faeces
1853 1739 1948 1783 vini

1197 1798 1390 1851 dulcis“,
1439 1799 1616 1844 Colum.
1667 1800 1736 1850 12,
1783 1799 1855 1849 30,
1904 1799 1946 1842 2.

1199 1856 1334 1916 „faex
1365 1859 1460 1903 vini
1481 1859 1638 1909 boni“,
1670 1859 1863 1902 aliorum
1882 1856 1947 1902 fe-

1197 1916 1300 1962 cula
1342 1931 1423 1963 seu
1466 1917 1614 1963 fecla“
1660 1918 1822 1973 (restit.
1856 1916 1946 1961 Ve-

1195 1981 1284 2033 get.
1319 1977 1361 2027 3,
1392 1978 1465 2029 49,
1487 1978 1532 2021 2.
1565 1990 1650 2032 pro
1687 1977 1820 2027 61613,
1862 1976 1947 2021 Ρ6-

1196 2036 1385 2089 lagonio
1429 2050 1472 2092 p.
1518 2036 1587 2079 54.
1633 2037 1702 2080 66.
1745 2036 1821 2086 86,
1860 2048 1946 2091 pro

1196 2094 1337 2147 feda),
1351 2096 1473 2140 unde
1506 2096 1786 2140 recentiores
1806 2094 1946 2140 Grae-

1195 2155 1236 2198 ci
1269 2156 1395 2207 φέκλη
1426 2154 1650 2206 fecerunt,
1673 2160 1725 2199 ut
1751 2154 1947 2198 Trallia-

1194 2227 1279 2257 nus
1313 2215 1390 2269 qui
1413 2214 1604 2270 exponit
1625 2217 1799 2269 τρυγίαν
1821 2215 1945 2254 οἴνου

1193 2275 1469 2325 κεκαυμένην,
1513 2274 1735 2317 siccatam
1769 2277 1817 2316 et
1850 2285 1945 2317 cre-

1193 2336 1367 2375 matam
1399 2333 1515 2375 Plin.
1551 2332 1622 2383 14,
1657 2333 1754 2375 131.
1784 2332 1855 2382 23,
1874 2331 1945 2375 63.

1194 2390 1369 2434 Ρ3111116
1401 2390 1639 2447 Aegineta
1672 2391 1840 2444 σφέκλη.
1875 2395 1946 2434 est

1194 2449 1409 2494 officinae
1452 2455 1677 2494 tartarum
1707 2454 1866 2494 ustum
1898 2453 1946 2494 et

1194 2508 1489 2561 calcinatum,
1517 2510 1797 2565 gebrannter
1809 2509 1944 2552 wein-

1197 2567 1331 2617 stein,
1363 2569 1716 2613 weinsteinsalz.

1282 2628 1343 2670 ad
1361 2626 1433 2670 49.
1466 2627 1624 2671 fiant
1646 2627 1716 2671 ed.
1741 2640 1808 2682 pr.
1831 2624 1943 2669 fue-

1200 2685 1281 2729 rit
1311 2690 1388 2737 βπ.
1425 2684 1652 2730 fuerint
1692 2686 1825 2728 Hum.
1860 2683 1944 2728 sed

1195 2742 1391 2797 „fricta“
1439 2745 1672 2789 ablativus
1720 2748 1791 2787 est
1837 2742 1942 2787 sub-

1190 2802 1383 2846 stantivi
1415 2804 1551 2859 quale
1583 2807 1655 2847 est
1683 2806 1822 2858 pasta
1839 2801 1940 2844 326.

1189 2862 1389 2915 repulsa,
1409 2861 1710 2917 deprehensa,
1736 2861 1941 2911 remissa,

1189 2920 1289 2964 ulta
1329 2933 1402 2975 ap.
1448 2921 1580 2965 Ovid.
1623 2934 1707 2974 pro
1750 2920 1940 2969 ultione,

1191 2980 1405 3035 exposita
1436 2980 1481 3023 in
1510 2979 1682 3024 Codice
1706 2978 1938 3023 Theodos.
