2098 3470
634 292 732 335 Lib.
767 291 846 336 IV.
894 292 1164 338 Pandectes.
1629 292 1701 344 79

109 424 396 478 calefacies
435 424 488 477 in
527 425 741 495 patella.
783 429 923 477 teres
963 424 1132 493 piper,
1173 424 1474 491 ligisticum,
1527 424 1699 491 origa-

107 516 246 564 num,
287 504 437 551 rutae
464 500 670 564 bacam,
702 498 896 561 vinum,
926 499 1167 564 mulsum,
1210 499 1386 551 oleum
1444 498 1700 568 patellam

107 573 177 625 ad
217 574 415 626 lentum
453 574 649 639 ignem,
699 576 756 623 ut
795 575 1066 637 coquatur.
1123 571 1239 623 ovis
1280 571 1456 624 crudis
1497 571 1699 638 obliga-

107 647 205 713 bis,
245 646 546 699 adornabiS.
578 646 826 699 ciminum
849 644 1102 713 mundum
1130 644 1377 715 aspargis
1406 649 1458 698 et
1482 645 1697 699 inferes,

224 721 343 775 138.
403 720 752 772 Patellam
805 718 1079 770 isiciam
1132 716 1378 789 [isicia]
1435 719 1514 772 de
1563 724 1700 771 tur-

108 793 330 849 sione:
377 793 672 859 enervabiS,
714 791 965 846 concides
999 792 1311 844 minutatim.
1354 797 1497 845 teres
1525 793 1698 863 piper,

106 867 409 934 ligisticum,
451 867 747 935 origanum,
799 866 1183 937 petresilinum,
1235 865 1588 934 coriandrum,
1631 866 1701 920 ci-

107 942 319 1007 minum,
357 945 508 994 rutae
548 942 753 1007 bacam,
795 944 1027 993 mentam
1057 939 1277 1007 siccam,
1315 940 1490 1010 ipsum
1515 940 1701 993 tursio-

107 1032 244 1068 nem.
294 1015 447 1068 isicia
511 1014 857 1068 deformabis·
910 1013 1106 1082 vinum,
1165 1014 1451 1080 liquamen,
1508 1015 1701 1082 oleum,

113 1105 327 1155 coques,
386 1092 594 1142 coctum
634 1089 689 1140 in
728 1087 985 1158 patellam
1038 1087 1344 1142 collocabis,
1397 1088 1480 1141 ius
1530 1088 1586 1141 in
1638 1106 1704 1143 ea

108 1162 302 1216 facies:
343 1162 512 1233 piper,
554 1162 853 1230 ligisticum.
897 1162 1202 1229 satureiam,
1256 1179 1462 1233 cepam,
1503 1162 1700 1231 vinum,

109 1236 394 1304 liquamen,
449 1237 638 1303 oleum,
686 1236 742 1288 in
793 1236 1064 1307 patellam,
1120 1253 1292 1307 pones
1330 1240 1388 1288 ut
1428 1241 1699 1304 coquatur.

45 1311 48 1313 ’
113 1311 225 1363 ovis
266 1310 548 1377 obligabis.
588 1311 743 1381 piper
782 1326 1045 1380 asparges
1086 1316 1139 1363 et
1181 1310 1394 1364 inferes,

190 1385 309 1437 139.
351 1384 693 1437 Patellam
728 1401 807 1437 ex
838 1383 1218 1438 holisatro:
1263 1384 1434 1438 elixas
1470 1401 1537 1438 ex
1564 1400 1705 1451 aqua

111 1457 321 1525 nitrata,
378 1458 643 1528 exprimis,
697 1458 752 1509 in
791 1459 1061 1527 patellam.
1104 1463 1245 1511 teres
1296 1458 1467 1529 piper,
1515 1458 1701 1525 ligisti-

112 1548 245 1599 cum,
300 1530 651 1598 coriandrum,
704 1531 1007 1597 satureiam,
1064 1548 1272 1603 cepam,
1313 1533 1493 1585 vinum
1532 1533 1699 1601 liqua-

110 1677 296 1734 paulum
378 1681 560 1728 coctus,
625 1676 860 1731 „fervente

111 1749 232 1793 aqua
263 1735 504 1792 perfusus“
541 1736 716 1780 Colum.
754 1738 793 1788 7,
817 1738 858 1789 8,

950 1678 1157 1728 λούμενος
1198 1680 1399 1734 θυρσίων,
1440 1679 1608 1734 ἥδιστος
1643 1680 1704 1722 ὢν

951 1741 1018 1777 καὶ
1061 1737 1386 1793 τρυφερώτατος
1436 1740 1540 1783 coll.
1583 1740 1699 1783 Plin.

113 1797 150 1840 7.
186 1794 241 1840 cf.
275 1796 375 1839 360.
414 1819 466 1825 -κ
500 1795 646 1840 haec
671 1801 857 1851 —pat.

112 1868 282 1911 coques
325 1868 381 1899 ex
414 1854 534 1899 oleo.
569 1855 860 1910 patellam

110 1928 268 1970 pones.
318 1914 585 1958 mundum
631 1927 716 1970 pro
764 1915 859 1958 mi-

110 1988 139 2016 n
152 1987 180 2018 u
193 1978 213 2017 t
225 1987 308 2017 um
333 1987 445 2017 corr.
467 1986 523 2017 ex
539 1974 689 2017 Edict.
709 1973 858 2018 Diocl.

113 2035 152 2085 1,
170 2034 241 2076 32.
275 2033 448 2088 plebeii
465 2032 742 2090 tyrotarichi
768 2033 860 2077 cibi

110 2105 167 2136 ex
199 2105 334 2136 caseo
369 2096 416 2135 et
442 2093 748 2143 salsamentis,
783 2093 860 2148 qui

108 2150 249 2194 hodie
276 2156 507 2195 menestra
526 2157 735 2202 vocatur,
768 2164 859 2195 me-

110 2210 240 2254 minit
273 2210 364 2254 Cic.
399 2211 459 2254 ad
490 2211 596 2255 Div.
630 2212 672 2262 9,
698 2211 765 2256 16.
799 2210 859 2254 ad

109 2268 256 2313 Attic.
289 2269 332 2321 4,
365 2270 404 2312 8.

198 2328 259 2371 ad
303 2330 399 2372 138.
466 2328 677 2373 codicum
739 2333 855 2384 pat.

110 2387 325 2430 siccam
358 2401 451 2431 non
474 2401 728 2443 concoquo,
758 2401 859 2432 cum

111 2458 168 2490 ex
182 2446 280 2490 iure
297 2445 532 2490 inferatur.
548 2459 688 2502 quare
709 2461 859 2492 emen-

112 2505 221 2549 davi
261 2506 495 2549 isiciam
537 2506 612 2549 vel
652 2506 858 2550 siciam

111 2569 159 2609 et
198 2564 319 2608 idem
363 2565 643 2611 adiectivum
677 2566 860 2610 restitui

112 2623 212 2668 172.
244 2623 421 2668 isicia
453 2637 509 2668 ex
540 2625 747 2680 margine
771 2629 857 2669 est.

112 2705 167 2712 -—
213 2682 272 2727 de
318 2695 431 2728 cane
482 2684 675 2728 marino.
723 2697 859 2740 quem

111 2738 247 2785 Italia
277 2741 417 2787 hodie
451 2743 629 2795 canino,
664 2742 861 2788 Graecia

115 2799 331 2841 σκυλάκιον
381 2807 536 2850 vocat.
589 2801 762 2847 Athen.
819 2804 858 2855 7,

114 2857 184 2901 85.
216 2858 379 2902 τούτου
409 2862 490 2902 ’τοῦ
534 2861 691 2917 ἰχθύος
730 2864 860 2920 μέρος

115 2913 201 2958 ἔστι
231 2921 300 2960 καὶ
333 2918 356 2961 ὀ
394 2920 481 2962 ὑπὸ
517 2921 741 2976 “Ρωμαι’ων
773 2940 854 2963 κα-

951 1798 992 1848 9,
1024 1797 1094 1840 34.
1128 1810 1235 1852 pars
1269 1799 1499 1853 quaedam
1524 1800 1703 1844 canicu-

950 1856 1025 1900 lae
1060 1856 1327 1901 carchariae
1350 1858 1550 1914 indeque
1571 1864 1700 1903 totus

950 1916 1090 1970 piscis
1123 1916 1171 1959 id
1198 1929 1365 1961 nomen
1389 1917 1546 1962 habet.
1567 1930 1703 1974 squa-

950 1975 1099 2019 lorum
1139 1976 1318 2029 species
1362 1981 1448 2020 est.
1502 1976 1703 2022 fortasse

950 2046 1019 2089 sq.
1065 2034 1306 2078 acanthias
1351 2035 1577 2093 dornhay,
1625 2036 1704 2092 qui

950 2092 1163 2137 bonitate
1197 2094 1345 2137 carnis
1373 2095 1585 2151 squalum
1605 2109 1703 2140 cor-

950 2152 1165 2195 nubicum
1237 2152 1333 2197 fere
1405 2159 1590 2210 aequat.
1655 2158 1704 2198 et

950 2212 1102 2267 squali
1148 2210 1304 2267 glauci
1339 2214 1489 2256 cauda
1533 2213 1704 2257 delica-

950 2275 1047 2314 tum
1092 2271 1242 2315 cibum
1285 2272 1494 2327 praebet.
1540 2286 1705 2317 ener-

950 2330 1078 2374 vab.
1112 2331 1363 2375 tursionem
1397 2333 1466 2375 91.
1511 2332 1703 2387 ipsum

950 2394 1092 2432 turs.
1130 2390 1362 2434 concisam
1394 2391 1585 2446 pulpam
1609 2396 1702 2435 tur-

950 2449 1105 2492 sionis.
1147 2449 1278 2493 isicia
1309 2451 1504 2505 primum
1539 2451 1704 2495 leniter

951 2507 1192 2552 elixantur.
1229 2508 1335 2553 dein
1369 2522 1470 2553 cum
1501 2510 1599 2554 iure
1628 2523 1704 2554 co-

951 2571 1154 2622 quuntur
1194 2568 1250 2611 in
1292 2573 1402 2612 ante
1441 2573 1556 2625 pat.
1591 2568 1699 2613 add.

951 2638 1007 2670 ex
1042 2627 1142 2670 139.

1040 2743 1102 2788 ad.
1135 2744 1232 2788 139.
1282 2742 1596 2791 holisatro
1629 2746 1703 2793 93.

950 2803 1005 2847 in
1038 2809 1154 2859 pat.
1184 2804 1345 2857 mittis,
1371 2805 1588 2850 collocas.
1612 2820 1703 2852 vo-

948 2863 1143 2968 }rggfi—ss
1179 2876 1262 2909 sex
1306 2864 1446 2911 codd.
1482 2878 1568 2921 pro
1601 2879 1703 2912 vo-
