2098 3470
326 309 430 365 124
878 312 977 359 Lib.
1005 312 1079 358 Vl.

1144 313 1384 372 Tropetes.

325 443 519 498 elixato
562 446 822 513 omnibuS,
883 447 1069 502 melius
1113 448 1209 500 erit
1248 449 1391 516 prins
1433 448 1475 501 si
1514 454 1693 504 tamen
1733 454 1911 504 exten-

323 523 558 572 terantur
598 537 695 591 per
741 526 919 588 guttur
957 525 1041 576 vel
1082 523 1134 574 in
1175 524 1411 576 ambieas
1451 524 1708 578 sublatae.

438 594 560 646 237.
629 596 960 650 Anserem
1003 596 1259 650 elixum
1302 597 1603 650 calidum
1644 615 1722 651 ex
1762 598 1914 652 iure

321 666 594 735 frigido
632 669 1001 737 apiciano:
1054 675 1196 739 teres
1248 672 1419 740 piper,
1472 671 1772 739 ligistieum,
1829 690 1914 725 eo·

322 741 520 795 riandri
561 759 763 807 semen,
815 749 1064 811 mentam,
1120 749 1306 811 rutam,
1360 745 1596 798 refundis
1649 746 1915 814 liquamen

323 820 376 868 et
417 816 591 868 oleum
645 817 874 884 modice,
928 823 1211 886 temperas,
1269 830 1512 873 anserem
1569 820 1762 873 elixum
1815 820 1916 873 fer-

323 894 536 944 ventem
577 907 777 945 savano
818 892 1017 946 mundo
1071 893 1358 960 exiccabiS‚
1413 894 1492 947 ius
1537 893 1813 962 perfundis
1867 898 1919 947 et

322 962 533 1018 inferes.

437 1039 560 1093 238.
622 1040 695 1092 ln
735 1040 933 1109 pullo
978 1041 1164 1094 elixo
1205 1041 1311 1094 ius
1353 1041 1659 1094 crudum:
1715 1041 1918 1096 adicies

325 1111 377 1167 in
420 1113 723 1167 mortarium
764 1114 908 1169 aneti
949 1131 1149 1182 semen,
1203 1120 1434 1169 mentam
1476 1116 1690 1182 siccam,
1730 1115 1919 1169 lasaris

323 1292 395 1343 20,
428 1292 498 1334 94.
553 1291 741 1344 „me-lius
783 1292 822 1336 si
875 1305 976 1336 eum
1020 1292 1084 1336 la-

324 1353 452 1395 sere“
488 1351 594 1395 coll.
629 1353 698 1395 23.
731 1351 807 1395 45.
834 1378 883 1382 ——
922 1366 1085 1396 exen-

322 1415 607 1454 terantur
644 1427 714 1465 γπ.
781 1411 842 1454 ad
892 1411 965 1455 43.
1025 1411 1084 1456 ef.

326 1470 427 1513 372.
478 1471 578 1513 375.
622 1470 746 1514 Fest.
796 1484 839 1526 p.
890 1471 959 1522 79,
1019 1472 1084 1513 11.

329 1533 402 1573 est
431 1528 703 1584 ἕξεντερίζειν
744 1543 782 1573 e.
828 1544 870 1586 g.
922 1529 1088 1574 Galeni

328 1602 418 1633 see.
454 1585 548 1632 loci
578 1589 617 1639 7,
651 1590 693 1632 3.
741 1590 901 1644 ἔντερα,
947 1590 1087 1633 intes-

327 1648 427 1691 tina
459 1647 672 1699 eximere,
698 1649 970 1699 eviscerare,
996 1649 1084 1692 vis-

329 1719 436 1751 eera
484 1707 717 1762 expedire,
763 1721 930 1764 eorpus
979 1721 1084 1752 eva-

330 1779 467 1810 euare
486 1779 520 1810 s.
541 1778 739 1810 vacuare
756 1766 954 1810 Anthol.
980 1768 1082 1810 Lat.

329 1826 458 1870 1088.
494 1825 795 1870 vacuefacere
813 1827 927 1870 totis
953 1838 1086 1882 prae*

330 1885 514 1929 cordiis.
574 1883 715 1940 Apul.
762 1891 868 1930 met.
920 1886 959 1936 6,
1008 1888 1079 1928 31.

328 1943 608 1988 emedullaro
641 1945 757 1988 Plin.
781 1946 851 1995 2⁵2,
884 1946 953 1988 87.
979 1957 1081 1988 aus-

328 2003 539 2053 nehmen,
603 2003 902 2048 aufbreehen.
968 2004 1081 2047 artis

330 2062 579 2118 singularis
614 2076 867 2119 eoquorum
890 2069 1004 2114 erat,
1031 2068 1083 2106 nt

329 2126 574 2166 assaturae
621 2122 831 2173 ἄσφακτοι
873 2122 1082 2166 videren-

329 2187 405 2225 tur
451 2194 601 2237 neque
647 2181 790 2225 ullum
835 2182 1081 2237 vestigium

328 2239 514 2284 lethalis
546 2241 618 2284 sui
650 2240 852 2284 vulneris
886 2241 1082 2284 ulliusve

328 2300 583 2354 apertionis
642 2299 926 2350 exhiberent,
984 2313 1085 2343 eum

329 2364 487 2402 tamen
520 2373 612 2403 non
657 2359 805 2403 solum
849 2363 1087 2403 exentera-

327 2424 404 2462 tae
424 2417 506 2461 sed
525 2419 663 2462 etiam
680 2419 888 2474 impensa
910 2416 1087 2461 faretae

334 2482 383 2521 et.
400 2476 623 2532 oppletae
643 2483 809 2521 essent.
837 2475 891 2521 of.
911 2476 1085 2521 Athen.

328 2538 370 2587 9,
406 2537 474 2580 19.
519 2537 588 2579 26.
623 2538 692 2579 27.
730 2563 746 2566 -
748 2563 779 2566 -----
813 2537 984 2580 abias
1013 2549 1088 2579 oo-

331 2596 484 2640 dieum
524 2596 744 2651 legebam
790 2596 972 2640 obuas
1006 2595 1089 2648 (sie

328 2655 374 2698 in
437 2654 683 2699 Philoxeni
718 2654 871 2699 Gloss.
906 2655 1084 2706 „obua“

328 2714 508 2767 ἄμβιξ“)
547 2714 574 2756 i.
611 2727 648 2758 e.
689 2714 876 2758 obbas
909 2720 966 2757 et
999 2714 1083 2757 ol-

329 2773 420 2816 las
452 2786 509 2816 ex
543 2772 641 2816 248.
678 2786 779 2817 cnm
808 2786 917 2817 vero
945 2785 1085 2816 sonus

329 2832 495 2876 literae
527 2846 571 2875 m
604 2836 651 2876 et
682 2846 710 2874 n
734 2832 779 2875 in
805 2832 969 2876 mediis
994 2845 1085 2875 me-

328 2891 501 2935 diocris
534 2890 672 2935 facile
719 2891 905 2935 excidat
945 2891 1085 2947 idque

330 2950 571 2998 vasculum
616 2955 777 2996 ventre
815 2950 1083 3007 protumido

1179 1293 1367 1338 Graecis
1398 1293 1526 1347 ἄμβιξ
1549 1293 1743 1344 dicatur,
1766 1292 1924 1338 Diose.

1178 1354 1220 1403 5,
1256 1354 1352 1397 110.
1388 1351 1560 1396 Athen.
1598 1354 1666 1402 11,
1693 1353 1761 1396 60.
1798 1353 1921 1397 Cael.

1178 1411 1338 1456 Aurei.
1376 1412 1529 1456 chron.
1573 1412 1615 1462 4,
1660 1412 1697 1454 7.
1741 1411 1922 1458 Philox.

1182 1471 1334 1515 Gloss.
1368 1486 1409 1527 p.
1434 1472 1531 1514 174.
1558 1471 1629 1515 ed.
1653 1470 1808 1527 Steph.
1834 1472 1924 1515 He-

1180 1530 1303 1588 Syoh-
1347 1531 1521 1583 ἄμβικα*
1565 1529 1746 1585 χύτραν,
1778 1528 1923 1580 κάδον,

1181 1590 1256 1634 Vel
1304 1591 1495 1643 οῗμβικος,
1542 1588 1716 1633 Athen.
1765 1592 1806 1641 4,
1853 1590 1921 1633 36.

1179 1648 1384 1706 Etymol.
1418 1649 1474 1692 M.
1519 1649 1705 1701 ὅμβικον
1743 1648 1925 1703 χύτραν,

1178 1707 1323 1757 κάδον,
1355 1709 1496 1751 malui
1528 1709 1793 1752 ambieas
1828 1721 1925 1752 eor-

1175 1768 1340 1823 rigere.
1374 1768 1482 1811 inde
1514 1768 1711 1811 articulo
1736 1767 1923 1811 arabico
1956 1782 1967 1795 ²

1176 1827 1362 1871 adiecto
1397 1832 1546 1871 ortum
1590 1840 1691 1871 esse
1734 1826 1924 1871 alembi—

1177 1899 1275 1930 eum
1326 1891 1372 1929 et
1415 1887 1672 1942 linguarum
1715 1897 1923 1928 romana-

1173 1959 1269 1990 rum
1332 1945 1573 1996 lambieeo,
1646 1945 1924 2000 alambique,

1173 2004 1374 2049 alambie
1390 2005 1480 2047 iam
1508 2004 1668 2048 docuit
1686 2004 1796 2047 Diez
1813 2005 1922 2047 Lex.

1174 2065 1217 2108 (l.
1253 2077 1364 2106 rom.
1399 2077 1488 2118 spr.
1523 2077 1568 2118 p.
1608 2064 1703 2107 198.
1753 2062 1813 2106 ad
1846 2076 1923 2106 va-

1174 2123 1465 2178 porationem
1481 2122 1792 2166 adhibebatur
1805 2122 1920 2164 Plin.

1174 2184 1245 2232 33,
1306 2183 1403 2224 133.
1454 2182 1531 2238 qui
1586 2182 1732 2226 illum.
1772 2182 1923 2225 locum

1177 2242 1331 2284 Dioso.
1375 2242 1605 2285 convertit
1647 2253 1761 2284 voee
1805 2240 1924 2284 calix

1179 2313 1287 2343 usus
1307 2307 1389 2343 est.
1410 2301 1561 2343 Lister
1582 2304 1740 2352 „extra
1756 2312 1923 2354 aquam

1177 2361 1222 2402 in
1270 2359 1377 2403 altis
1416 2359 1620 2415 ambigis
1672 2371 1925 2414 suspensae

1178 2431 1444 2474 vaporeque
1476 2431 1627 2474 aquae
1660 2423 1821 2462 coetae
1863 2417 1924 2461 ad

1179 2476 1431 2521 faciliorem
1451 2477 1843 2532 deplumationem
1862 2477 1924 2520 le-

1179 2537 1445 2592 nioremque
1479 2537 1841 2586 elixationem“.,
1866 2536 1924 2578 si-

1179 2595 1274 2638 mili
1316 2597 1360 2638 in
1408 2609 1456 2639 re
1505 2596 1775 2639 submittere
1821 2595 1921 2639 373.

1265 2714 1326 2757 ad
1359 2715 1457 2757 237.
1493 2726 1559 2758 ex
1590 2714 1717 2757 iure
1749 2713 1819 2756 ed.
1854 2725 1921 2768 pr.

1175 2773 1228 2815 H.
1264 2786 1348 2827 pro
1383 2778 1441 2817 et
1471 2773 1502 2818 i.
1535 2771 1591 2816 ef.
1625 2773 1725 2816 376.
1772 2797 1824 2802 —-
1853 2784 1923 2815 se-

1174 2845 1278 2875 men
1311 2832 1354 2874 in
1390 2845 1481 2875 uno
1514 2836 1557 2882 β.
1594 2857 1645 2863 -
1694 2843 1921 2874 savano

1262 2949 1323 2993 ad
1356 2949 1454 2993 238.
1519 2949 1667 2994 simile
1708 2949 1778 2994 ius
1821 2948 1919 2992 287.
