2098 3470
382 315 484 367 158

897 315 998 359 Lib.
1021 315 1142 360 VIII.
1187 315 1432 371 TetrapUS.

613 520 870 588 Incipit
909 521 1109 589 Apici
1153 522 1348 575 Caeli
1389 527 1727 590 tetrapus

1025 654 1137 708 Lib.
1180 656 1325 709 VIII.

491 787 613 839 330.
656 785 838 855 Aper
876 788 976 839 ita
1016 787 1367 840 conditur:
1419 788 1767 857 spongizatur
1796 790 1962 843 etsie

378 861 684 930 aspargitur
723 860 772 913 ei
812 861 890 912 sal
945 867 996 913 et
1048 861 1293 914 ciminum
1332 861 1536 914 frictum
1575 867 1627 915 et
1659 862 1735 914 sic
1771 868 1965 917 manet.

378 934 482 986 alio
524 932 610 987 die
651 933 868 985 mittitur
906 934 960 986 in
999 934 1221 986 furnum.
1266 951 1382 987 cum
1424 940 1606 988 coctus
1633 936 1805 1001 fuerit,
1845 954 1966 1004 per-

377 1007 640 1061 funditur:
684 1006 1098 1079 [condimentum
1128 1007 1403 1079 aprunum]
1433 1010 1587 1078 piper
1613 1011 1805 1076 tritum,
1842 1011 1964 1078 mel,

376 1083 663 1150 liquamen,
706 1098 991 1135 caroenum
1033 1087 1085 1135 et
1123 1099 1358 1151 passum.

491 1157 615 1209 331.
657 1157 823 1209 Aliter
870 1156 923 1208 in
963 1174 1123 1227 apro:
1179 1173 1319 1223 aqua
1370 1157 1573 1209 marina
1626 1174 1744 1210 cum
1796 1175 1966 1211 ramu-

378 1231 443 1284 lis
481 1231 617 1283 lauri
656 1247 844 1301 aprum
886 1230 1055 1284 elixas
1105 1247 1379 1299 quousque
1419 1230 1711 1284 madescat.
1768 1233 1967 1285 corium

381 1305 429 1360 ei
467 1306 639 1359 tolles.
684 1321 802 1358 cum
843 1305 972 1372 sale,
1016 1305 1220 1373 senapi,
1263 1310 1415 1359 aceto
1455 1304 1668 1359 inferes

490 1380 614 1433 332.
655 1379 823 1432 Aliter
860 1378 915 1431 in
944 1397 1103 1448 apro:
1147 1386 1288 1432 teres
1316 1380 1486 1450 piper,
1528 1380 1831 1448 ligisticum,
1867 1380 1966 1433 ori-

379 1470 591 1522 ganum,
634 1455 798 1507 bacas
839 1453 976 1506 mirti
1019 1459 1432 1522 extemparataS,
1488 1455 1840 1522 coriandrum,
1884 1472 1966 1508 ce-

307 1591 311 1596 ,
377 1545 495 1598 paS,
537 1527 811 1581 suffundcs
850 1529 972 1595 mel,
1014 1528 1210 1594 vinum,
1252 1528 1536 1595 liquamen,
1589 1529 1762 1581 oleum
1801 1528 1968 1581 modi-

380 1620 513 1656 cum.
571 1601 875 1669 calefacieS,
929 1603 1102 1655 amolo
1158 1602 1382 1668 obligas.
1449 1619 1635 1670 aprum
1697 1603 1751 1654 in
1814 1603 1967 1655 furno

379 1682 589 1731 coctum
636 1676 944 1745 perfundes,
997 1677 1098 1730 hoc
1153 1682 1205 1729 et
1254 1676 1308 1728 in
1362 1693 1516 1729 omne
1570 1693 1740 1743 genus
1794 1677 1968 1730 carnis

339 1787 348 1791 κ
376 1751 582 1805 ferinae
620 1750 806 1805 facies,

378 1883 555 1928 Theod.
603 1883 746 1927 Prisc.
790 1883 831 1934 2,
876 1884 949 1928 10.
995 1895 1127 1939 para-

376 1943 548 1987 bantur
578 1943 623 1987 in
656 1942 833 1998 apalari
849 1955 883 1986 s.
905 1944 1127 1998 apalaria‚

377 2002 605 2058 οῗπαλαρίᾳ,
652 2001 831 2046 Auson.
878 2004 1009 2058 epist.
1056 2005 1125 2046 531.

378 2063 513 2105 Laur.
554 2061 671 2118 Lyd.
717 2061 774 2105 de
806 2075 946 2105 mens.
985 2064 1023 2113 1,
1057 2063 1125 2105 25.

378 2134 422 2177 p.
457 2121 527 2164 30.
562 2121 634 2165 ed.
666 2120 835 2164 Rocth.

468 2179 559 2223 Ad
591 2180 722 2224 libr.
755 2180 878 2223 VIII.
922 2179 1129 2223 inscribi-

378 2243 455 2283 tur
472 2238 724 2294 τετράπους,
744 2239 868 2295 quod
886 2239 930 2282 in
944 2252 999 2282 eo
1020 2252 1129 2295 qua-

380 2298 637 2353 drupedum
647 2299 910 2342 animalium
933 2309 1052 2353 quae
1070 2298 1130 2340 ci-

378 2358 544 2403 borum
576 2371 706 2402 usum
739 2358 966 2413 praebent
993 2370 1130 2411 opso-

379 2418 457 2460 nia
498 2416 814 2474 lautioresque
858 2416 1129 2460 conditurae

379 2476 641 2520 traduntur.

498 2535 559 2579 ad
605 2536 705 2579 330.
780 2532 1133 2590 sfongiatur

381 2593 518 2639 codd.
551 2595 652 2638 326.
688 2619 741 2626 —-
775 2594 902 2638 sale
935 2594 1061 2637 cim.
1086 2593 1131 2636 in

380 2667 478 2706 sex,
521 2654 633 2699 sal.
680 2654 809 2697 cim.
853 2654 897 2696 in
950 2653 1130 2696 ceteris.

382 2714 625 2758 ciminatus
657 2713 727 2757 sal
758 2725 831 2768 ap.
861 2712 1039 2755 Pallad.
1062 2713 1130 2763 12,

381 2774 453 2825 22,
485 2774 524 2817 5.
559 2773 659 2819 ἅλας
689 2774 992 2828 τετριμμένους
1021 2770 1128 2824 μετὰ

381 2836 563 2885 κυμίνου
595 2831 740 2876 habes
772 2832 818 2874 in
852 2831 1063 2886 Geopon.
1087 2832 1128 2881 9,

381 2893 454 2943 3-2,
486 2894 526 2935 3.
561 2891 661 2938 ἅλας
692 2894 873 2943 θυμίτας
915 2903 988 2945 ap.
1022 2889 1129 2932 Ari-

382 2950 533 3006 stoph.
585 2949 703 2994 Ach.
748 2951 844 2993 772.
891 2948 1129 2992 frictum

1220 1896 1333 1927 corr.
1369 1896 1426 1927 ex
1457 1884 1542 1927 333
1567 1897 1650 1939 pro
1675 1885 1891 1928 tritum.
1915 1909 1967 1913 —

1218 1943 1363 1987 verba
1394 1943 1569 1986 inclusa
1601 1948 1707 1986 sunt
1734 1943 1968 1999 marginis.

1220 2003 1501 2057 aprimum
1544 2005 1646 2052 ssffie.
1697 2003 1967 2058 aprinum

1219 2059 1271 2117 γὸ
1303 2061 1373 2104 ed.
1408 2074 1472 2116 pr.
1498 2061 1553 2103 H.
1573 2062 1639 2104 sic
1656 2062 1754 2105 339.
1791 2073 1970 2116 apruna

1221 2126 1268 2163 et
1301 2121 1473 2175 aprina.
1501 2120 1561 2163 ad
1598 2123 1873 2176 „aprunum“
1910 2118 1968 2164 cf.

1220 2179 1420 2222 Marcell.
1456 2179 1587 2233 Emp.
1621 2180 1679 2222 34
1716 2193 1758 2234 p.
1795 2180 1891 2222 137.
1926 2191 1969 2223 a.

1219 2238 1335 2281 Plin.
1371 2238 1443 2288 28,
1477 2239 1576 2281 235.
1611 2243 1657 2282 et
1690 2251 1785 2282 var.
1803 2238 1906 2282 lect.
1927 2239 1970 2289 8,

1220 2298 1319 2340 210.
1370 2297 1563 2340 Salmas.
1622 2297 1683 2340 ad
1738 2297 1968 2352 spartian.

1220 2356 1326 2400 Ael.
1360 2356 1467 2400 Ver.
1512 2357 1551 2399 5.
1587 2360 1634 2399 et
1676 2356 1738 2399 ad
1771 2356 1968 2411 Capitol.

1220 2416 1339 2459 Max.
1373 2416 1470 2458 Iun.
1504 2416 1542 2457 2.
1578 2414 1808 2471 Philolog.
1855 2415 1969 2459 Got-

1224 2475 1337 2530 ting.
1381 2474 1505 2518 VIII.
1548 2488 1592 2529 p.
1636 2474 1737 2517 548.
1783 2500 1835 2503 —
1878 2474 1970 2518 vel

1223 2547 1308 2590 pro
1341 2534 1447 2578 mel
1481 2534 1526 2576 in
1559 2546 1652 2577 sex.

1312 2592 1373 2636 ad
1404 2593 1503 2636 331.
1561 2605 1714 2648 aqua
1744 2591 1971 2635 marina

1221 2656 1273 2696 ut
1291 2652 1393 2695 340.
1428 2651 1614 2695 videtur
1647 2650 1971 2694 thalassomeli

1220 2711 1336 2755 Plin.
1356 2711 1427 2762 31,
1447 2711 1516 2754 68.
1551 2710 1645 2754 Ser.
1665 2710 1849 2754 Samon.
1869 2710 1970 2753 537.

1222 2771 1321 2813 918.
1340 2769 1540 2813 Marcell.
1561 2770 1690 2824 Emp.
1711 2769 1781 2812 20.
1812 2768 1968 2812 Diosc.

1221 2829 1262 2880 5,
1297 2829 1366 2872 20.
1411 2833 1458 2873 et
1501 2827 1782 2872 conferenda
1814 2829 1970 2871 cister-

1220 2889 1327 2932 nina
1357 2887 1428 2930 44.
1472 2888 1677 2943 vulgaris
1721 2892 1845 2931 certe
1878 2900 1970 2930 non

1222 2951 1304 2991 est.
1341 2947 1449 2991 olim
1483 2947 1697 2992 volebam
1741 2947 1970 2989 murina
