2098 3470
336 311 440 366 172
864 314 964 362 Lib.
982 317 1103 363 Vm.
1147 318 1389 378 Tetrapus.

444 453 566 507 373.
640 451 865 507 Aliter
916 454 1333 518 porcellum:
1402 455 1586 523 salem,
1656 456 1918 525 ciminum,

330 528 489 594 lasar,
530 528 931 595 liquaminatum
991 526 1058 581 de
1098 529 1335 596 porcello
1379 529 1508 582 eicis
1536 529 1813 584 utriculum
1847 533 1921 585 ita

330 607 387 655 ut
425 602 641 669 aliquae
679 603 877 671 pulpae
916 601 971 653 in
1013 618 1075 653 eo
1118 607 1441 655 remaneant.
1483 607 1624 657 teres
1663 605 1832 676 piper,
1862 606 1920 658 li-

330 676 590 743 gisticum‚
665 683 959 744 origanum,
1031 675 1304 729 suffundes
1363 676 1648 743 liquamen,
1720 679 1920 732 adicies

331 767 490 802 unum
531 751 868 816 cerebellum,
912 766 1014 802 ova
1053 750 1179 803 dua.
1234 750 1425 803 misces
1478 751 1532 802 in
1585 768 1661 804 se.
1715 754 1920 820 porcel-

327 824 436 876 lum
475 824 853 894 praeduratum
904 823 1094 891 inpleS,
1147 823 1373 876 fiblabis.
1416 824 1469 876 in
1510 826 1766 892 sportella
1819 826 1920 879 fer·
1972 864 1976 869 -

328 898 474 951 venti
515 899 655 952 ollae
695 897 986 951 summittis,
1031 902 1180 951 cocto
1221 897 1373 950 fiblas
1414 899 1569 952 tolles
1624 904 1680 951 ut
1729 899 1808 953 ius
1852 918 1920 954 ex

327 972 446 1040 ipso
487 989 703 1026 manere
743 971 927 1041 possit.
970 972 1155 1040 pipere
1196 987 1475 1039 asparsum
1515 971 1730 1026 inferes

443 1047 565 1099 374.
607 1047 1000 1100 Porcellum
1028 1046 1284 1098 elixum
1311 1045 1658 1099 farsilem:
1702 1046 1769 1100 de
1798 1064 1919 1115 por-

330 1120 465 1174 cello
507 1121 785 1174 utriculum
828 1120 1005 1186 eicieS,
1047 1119 1342 1188 praeduras
1410 1124 1550 1172 teres
1589 1120 1760 1189 piper,
1803 1121 1920 1188 ligi-

327 1195 531 1262 sticum,
593 1195 885 1262 origanum,
957 1193 1229 1247 suffundes
1287 1193 1572 1260 liquamen,
1646 1196 1915 1248 cerebella

328 1313 438 1357 dum
483 1317 596 1356 erat.
641 1313 708 1357 sic
749 1325 924 1369 coquus
973 1313 1087 1357 dicit

328 1372 427 1416 218.
491 1374 556 1425 „si
603 1378 710 1416 sunt
770 1377 818 1416 et
875 1373 1086 1426 ung-ellas

330 1434 548 1486 coques“‚
594 1445 645 1475 so
691 1432 752 1475 du
795 1430 913 1474 hast.
949 1433 1083 1475 Hum.

328 1491 485 1534 nescio
544 1491 666 1535 unde
726 1490 796 1534 ed.
863 1489 1085 1543 „ferveat,

333 1562 474 1605 quum
522 1548 789 1600 ferbuerit“,

330 1622 444 1653 nens
475 1609 767 1654 Hildebrand
789 1609 850 1652 ad
878 1609 1083 1653 Glossar.

328 1681 372 1723 p.
418 1669 487 1711 22.
535 1669 725 1724 corrigit
775 1668 1082 1721 „avellanas“.

327 1753 382 1758 —
431 1727 734 1772 avicellas
789 1727 859 1771 ed.
908 1741 977 1782 pr.
1026 1729 1080 1771 H.

326 1786 388 1830 ad
422 1787 520 1830 181.
568 1812 616 1816 —-
655 1787 921 1831 obducas
966 1800 1079 1831 corr.

325 1859 411 1900 pro
461 1845 726 1890 obduras
787 1850 835 1889 et
881 1846 982 1890 375.
1033 1851 1082 1890 ut

326 1905 387 1948 sit
420 1905 545 1960 quod
580 1905 789 1960 coperias
807 1906 906 1948 369.
934 1905 1080 1949 invol-

325 1976 408 2007 vas
440 1964 541 2007 431.
577 1989 632 1995 —
664 1964 809 2008 verba
844 1968 1000 2016 „carta
1027 1990 1078 1994 -—-

325 2022 461 2068 aliter
493 2023 774 2078 porcellum“
802 2037 889 2067 om.
916 2023 988 2067 ed.
1012 2037 1078 2078 pr.

326 2108 379 2114 —
438 2083 608 2126 mitte
667 2082 749 2126 sis
815 2096 930 2126 corr.
994 2096 1079 2137 pro

323 2141 598 2185 mitteres
631 2145 673 2193 β.
708 2142 972 2186 mitteris
1005 2142 1077 2185 ed.

322 2214 394 2256 pr.
440 2201 648 2244 mittes
704 2214 785 2245 sex
832 2205 879 2245 et
925 2201 981 2244 H.
1029 2201 1078 2244 id

322 2260 404 2303 sis
458 2260 571 2304 lenit
617 2260 856 2314 imperium
912 2263 1076 2315 estque

324 2318 451 2374 quod
497 2319 562 2371 „si
607 2319 701 2362 vis“
750 2320 819 2363 13.
862 2318 964 2362 334.
1012 2319 1076 2371 „si

322 2377 479 2421 voles“
516 2378 588 2422 81.
625 2378 722 2421 102.
755 2378 820 2431 „si
842 2377 1072 2421 volueris“

323 2437 421 2479 119.
459 2436 556 2479 126.
593 2435 651 2480 cf.
683 2436 745 2479 ad
769 2436 911 2481 Cicer.
937 2436 1073 2480 Tusc.

320 2496 361 2546 2,
397 2495 452 2538 18
483 2509 528 2550 p.
563 2495 662 2538 544.
702 2496 813 2539 Mos.
853 2521 907 2525 ——
938 2508 1074 2539 exo-

319 2568 347 2596 n
364 2567 388 2598 e
402 2566 463 2598 ra
478 2567 499 2597 s
517 2549 653 2598 fiblas
687 2554 815 2597 tollis
834 2555 937 2597 373.
957 2567 1071 2598 corr.

317 2626 403 2668 pro
458 2625 731 2664 exornas,
791 2613 917 2668 quod
962 2626 1073 2657 vero

319 2671 445 2727 quod
484 2672 732 2727 spongizas
774 2673 875 2715 374.
908 2672 984 2716 sit.
1020 2697 1073 2702 —

316 2731 643 2786 perunguis
686 2730 808 2781 oleo,
842 2730 995 2774 oleum
1027 2731 1074 2774 in

317 2789 524 2844 patinam
555 2790 727 2840 mittes,
760 2794 812 2832 ut
842 2790 1029 2844 passim.

407 2848 469 2891 ad
499 2848 599 2892 373.
647 2848 694 2891 in
725 2847 795 2891 his
828 2847 1070 2903 speciebus

316 2907 551 2962 porcellus
595 2910 892 2950 exenteratus
938 2919 1070 2961 prae-

317 2965 522 3011 duratur.
603 2965 1069 3022 liquaminatum

849 1551 974 1605 quod
1020 1556 1087 1595 te-

1179 1311 1312 1367 piper
1366 1325 1421 1356 ex
1459 1312 1705 1368 liquamine
1748 1314 1922 1365 tritum,

1178 1370 1408 1427 liquamen
1440 1372 1630 1415 mixtum
1663 1373 1731 1416 80.
1761 1373 1830 1416 sic
1846 1373 1923 1416 ha-

1176 1429 1338 1474 bemus
1363 1431 1625 1483 laseratum‚
1649 1432 1925 1487 piperatum,

1178 1494 1431 1540 anetatum‚
1472 1496 1818 1546 oenogaratum.
1868 1517 1923 1523 —-

1178 1562 1340 1592 vocem
1377 1549 1682 1604 „porcellum“
1718 1555 1825 1595 ante
1846 1551 1924 1603 „li-

1180 1608 1518 1662 quaminatum“
1555 1622 1655 1652 cum
1678 1621 1773 1664 par.
1794 1610 1920 1653 eieci.

1178 1667 1416 1711 utricul.
1452 1672 1499 1711 et
1530 1668 1630 1712 374.
1676 1669 1922 1724 coagulum

1173 1726 1274 1770 369.
1318 1750 1372 1757 —
1415 1740 1499 1781 pro
1542 1731 1604 1770 ut
1635 1727 1767 1771 Hum.
1804 1741 1920 1771 corr.

1172 1799 1239 1829 ne
1298 1790 1461 1829 contra
1518 1799 1700 1829 sensum
1749 1787 1920 1838 Nostri,

1171 1856 1278 1887 nam
1321 1845 1542 1900 pulpae
1593 1850 1700 1888 sunt
1742 1847 1922 1890 viscera

1172 1908 1224 1946 ut
1271 1917 1364 1955 cor,
1413 1904 1557 1954 iocur,
1615 1904 1772 1959 pulmo
1815 1905 1918 1950 384.

1170 1963 1270 2006 397.
1316 1976 1408 2007 non
1450 1963 1688 2007 interanea
1729 1977 1764 2007 s.
1805 1964 1920 2008 inte-

1171 2022 1305 2065 stina.
1341 2046 1395 2051 -—
1428 2035 1597 2065 unum
1640 2035 1696 2066 ex
1728 2020 1813 2077 ‹5th
1847 2024 1917 2067 ed.

1170 2080 1354 2124 mediol.
1389 2081 1570 2126 restitui
1611 2094 1696 2136 pro
1729 2082 1918 2125 vinum

1171 2140 1333 2184 eadem
1378 2138 1586 2183 confusio
1620 2140 1749 2184 Varr.
1783 2142 1832 2183 L.
1867 2142 1916 2183 L.

1168 2213 1214 2253 p.
1250 2199 1346 2241 177.
1389 2198 1464 2254 Sp.
1501 2204 1548 2242 et
1579 2198 1784 2243 Scribon.
1820 2200 1916 2244 180.

1168 2258 1267 2300 225.
1301 2258 1400 2301 268.
1449 2257 1568 2302 Cels.
1608 2258 1649 2309 5,
1683 2258 1753 2309 25,
1787 2260 1825 2300 2.
1861 2284 1916 2290 -—

1168 2316 1277 2360 dua
1316 2330 1372 2360 ex
1415 2318 1513 2360 298.
1558 2330 1642 2372 pro
1688 2317 1797 2360 duo
1842 2318 1917 2362 vel

1168 2375 1315 2418 dura
1358 2375 1582 2427 codicum,
1623 2375 1685 2418 ad
1728 2376 1824 2418 141.
1861 2402 1915 2406 -—

1167 2433 1425 2478 fiblabis
1462 2459 1514 2464 ψ
1547 2447 1666 2478 sum
1690 2435 1788 2478 289.
1813 2435 1915 2478 364.

1166 2493 1267 2536 374.
1301 2493 1362 2536 ad
1394 2492 1583 2537 verbum
1616 2489 1780 2538 fiblare
1811 2495 1913 2537 372.

1165 2577 1220 2583 ———
1264 2565 1495 2595 manere
1540 2552 1676 2596 codd.
1721 2557 1769 2596 et
1810 2553 1913 2596 cod.

1121 2633 1124 2637 ·
1163 2611 1352 2666 gudian.
1387 2623 1458 2665 ap.
1492 2610 1645 2654 Klein.
1689 2611 1751 2654 ad
1782 2612 1914 2654 Lam-

1164 2670 1260 2714 bini
1301 2669 1526 2713 Emcndd.
1572 2669 1691 2712 Tull.
1734 2684 1778 2725 p.
1812 2670 1912 2713 496.

1163 2729 1206 2773 b.
1244 2728 1298 2772 cf.
1326 2728 1386 2771 ad
1409 2729 1479 2771 96.
1515 2728 1572 2772 de
1605 2740 1660 2771 ea
1683 2727 1913 2772 confusio-

1164 2800 1221 2831 ne
1255 2787 1644 2842 coniugationum.

1249 2846 1310 2889 ad
1341 2846 1441 2888 374.
1485 2845 1815 2900 praecides
1846 2847 1911 2889 in-

1162 2905 1287 2949 cides
1320 2905 1418 2947 ⁶264.
1464 2930 1515 2934 -
1551 2905 1910 2959 p1·aedur.li-

1162 2976 1339 3020 quam.
1361 2964 1441 3007 illo
1461 2964 1561 3007 373.
1581 2964 1638 3006 in.
1661 2964 1907 3021 descripto.
