2098 3470
401 299 502 352 128
938 299 1037 343 Lib.
1063 298 1138 342 VI.

1201 298 1442 355 TropeteS.

509 431 630 483 248.
676 429 845 501 [Facit
885 436 936 484 et
973 431 1027 483 in
1069 432 1205 485 alica
1255 438 1306 486 et
1344 433 1396 485 in
1450 433 1600 485 olivis
1659 434 1981 486 columbadi-

393 504 490 557 bus
510 521 615 556 non
643 502 814 570 valde,
837 505 911 556 ita
951 513 1006 557 ut
1034 507 1391 559 laxamentum
1418 506 1632 572 habeat,
1660 525 1727 560 ne
1760 507 1984 560 dissiliat

396 577 521 629 dum
575 578 814 644 coquitur
877 579 930 630 in
984 580 1143 632 ollam
1195 581 1485 632 submissus
1548 580 1603 632 in
1656 582 1980 648 sportellam.

396 668 513 704 cum
552 651 795 717 bullierit,
837 651 1143 719 frequenter
1180 654 1329 706 levas
1357 659 1409 706 et
1437 654 1591 722 ponis
1622 671 1689 707 ne
1719 653 1981 725 dissiliat]

507 726 627 779 249.
670 725 941 778 Pullum
984 727 1369 779 varianum:
1412 728 1611 795 pullum
1643 745 1841 794 coques
1870 728 1984 780 iure

394 798 524 852 hoc:
566 799 870 866 liquamine,
913 800 1048 866 ole0‚
1090 801 1230 867 vinO,
1281 801 1592 854 fasciculum
1631 802 1792 869 porri,
1851 802 1982 854 cori-

394 872 565 940 andri,
620 872 902 926 satureiae.
971 891 1089 926 cum
1143 880 1323 928 coctus
1378 875 1549 941 fuerit,
1617 881 1758 928 teres
1811 876 1982 946 piper,

393 947 627 1000 nucleos,
671 946 840 999 ciatos
881 947 1014 1000 duos
1066 953 1118 1001 et
1167 949 1247 1001 ius
1302 949 1370 1002 de
1423 966 1516 1002 suo
1571 949 1669 1001 sibi
1722 948 1983 1002 suffundis

396 1052 464 1059 -
507 1026 560 1075 et
596 1020 881 1074 fasciculos
922 1021 1156 1089 proicies
1197 1054 1269 1060 -—
1307 1023 1408 1089 lac,
1459 1028 1742 1091 temperas,
1801 1028 1852 1076 et
1903 1040 1983 1076 re·

396 1095 671 1149 exinanies
699 1095 1002 1147 mortarium
1031 1112 1193 1166 supra
1219 1097 1422 1164 pullum
1476 1102 1528 1150 et
1578 1096 1798 1155 ferveat.
1854 1097 1984 1150 obli—

395 1186 493 1237 gas
549 1167 778 1223 eundem
839 1170 1155 1223 albamentis
1215 1187 1433 1223 ovorum
1483 1171 1664 1224 tribus,
1720 1171 1874 1240 ponis
1931 1171 1986 1223 in

393 1244 550 1298 lance
591 1248 644 1297 et
680 1243 794 1297 iure
836 1260 998 1312 supra
1037 1245 1233 1315 scripto
1278 1244 1569 1315 perfundis.
1615 1245 1713 1299 hoc
1752 1246 1833 1299 ius
1863 1263 1984 1299 can-

395 1317 578 1371 didum
616 1318 935 1389 appellatur.

482 1524 543 1570 ad
575 1525 674 1569 248.
738 1530 842 1570 tota
872 1529 895 1579 §
932 1538 1024 1570 non
1057 1539 1142 1570 suo

393 1584 498 1629 loco
568 1590 654 1636 est,
727 1591 799 1630 est
868 1598 979 1629 vero
1043 1586 1143 1629 252.

392 1649 502 1701 post
548 1645 691 1688 verba
743 1644 917 1701 „inples
967 1645 1143 1700 pullum

393 1704 467 1748 vel
499 1704 798 1759 porcellum“.
844 1703 1036 1747 meliora
1069 1718 1143 1747 ex-

392 1767 610 1818 spectans
654 1777 769 1808 corr.
810 1777 893 1818 pro
937 1764 991 1806 in
1032 1763 1143 1807 eli-

392 1835 520 1866 xam
554 1827 608 1866 et
639 1823 693 1866 in
727 1822 806 1866 ol.
842 1822 1143 1866 columba-

393 1881 561 1925 ribus
620 1882 691 1926 ed.
735 1895 801 1937 pr.
847 1882 1145 1925 columba-

394 1941 582 1992 tibUS,
641 1939 858 1993 κολυμβάς
914 1939 1028 1980 Mada
1075 1946 1146 1985 est

395 2000 521 2044 oliva
565 2001 608 2043 in
653 2001 802 2044 muria
842 2000 1071 2051 innatans,
1118 2013 1147 2043 a

395 2059 537 2103 verbo
571 2060 793 2111 κολυμβᾶν
837 2060 1032 2110 minare,
1080 2060 1146 2102 in-

395 2118 601 2162 natando
634 2119 718 2163 sub
737 2130 859 2174 aqua
876 2131 991 2170 esse,
1023 2119 1145 2162 unde

393 2178 532 2222 etiam
562 2177 699 2231 ἄλμάς
729 2190 800 2233 ap.
821 2176 993 2221 Athen.
1016 2179 1056 2228 2,
1075 2178 1143 2221 47.

394 2240 559 2292 νηκτρὶς
591 2249 665 2292 ap.
698 2237 873 2281 Polluc.
895 2238 936 2288 6,
955 2237 1024 2279 45.
1046 2237 1146 2280 avis

394 2309 496 2339 cum
542 2296 678 2340 olivis
725 2294 885 2340 fractis
934 2297 1148 2352 coquitur

393 2357 493 2400 233.
543 2355 787 2399 ossibus
845 2355 944 2398 253.
1004 2368 1148 2410 perna

395 2429 494 2459 cum
530 2415 693 2459 caricis
725 2415 824 2458 293.
857 2439 909 2445 -
945 2419 1004 2457 nt
1035 2415 1144 2457 lax.

394 2474 621 2518 habeat
662 2474 761 2517 289.
810 2487 921 2517 non
963 2473 1147 2517 valde

392 2532 443 2573 τὸ
476 2531 611 2586 μηδὲν
642 2533 765 2588 οἵγαν,
798 2531 849 2572 τό
880 2530 1014 2585 μηδὲν
1039 2533 1146 2588 ὗπὲρ

394 2591 447 2633 τὸ
491 2595 664 2648 μέτρον,
707 2605 811 2635 nam
858 2595 1019 2645 μέτρον
1061 2592 1147 2647 ἄρι-

395 2666 513 2694 στον.
547 2652 686 2695 Petit.
722 2652 896 2695 Comm.
939 2651 1000 2694 ad
1033 2649 1152 2695 Are—

396 2716 486 2755 tae.
507 2724 551 2767 p.
574 2711 674 2754 255.
709 2710 951 2768 Wyttenb.
970 2710 1029 2753 ad
1048 2710 1153 2754 Plu-

394 2770 539 2814 tarch.
574 2783 687 2814 mor.
737 2784 780 2825 p.
815 2771 903 2813 990
934 2782 1062 2825 seqq.
1100 2794 1150 2799 —

395 2830 450 2873 in
484 2829 667 2874 'ollam
709 2829 904 2873 subm.
950 2829 1048 2871 236.
1095 2828 1152 2871 de

395 2889 621 2944 sportella
640 2889 736 2932 121.
752 2913 809 2920 -
829 2888 882 2931 la
895 2901 922 2931 v
935 2900 963 2930 a
974 2901 994 2930 s
1014 2887 1151 2931 codd.

469 2949 530 2992 ad
549 2948 649 2992 249.
672 2961 735 2991 va
751 2962 770 2990 r
788 2948 814 2990 d
829 2960 897 2991 an
912 2961 996 2990 um
1016 2947 1151 2990 codd.

1236 1525 1545 1571 varianum
1588 1526 1720 1571 Hum.
1768 1541 1881 1572 corr.
1917 1527 1984 1570 in-

1234 1585 1461 1640 tellegens
1493 1586 1681 1630 Varium
1700 1587 1796 1630 sive
1814 1587 1983 1643 Elaga-

1234 1645 1389 1689 balum
1432 1650 1733 1700 portentosae
1777 1646 1984 1689 luxuriae

1235 1705 1502 1759 principem,
1550 1718 1637 1760 ego
1685 1705 1756 1749 ius
1799 1706 1982 1748 varians

1234 1764 1531 1818 interprator,
1543 1777 1570 1807 a
1589 1764 1744 1809 colore
1759 1765 1981 1813 variante²

1235 1828 1286 1865 ut
1334 1830 1440 1866 sunt
1486 1836 1604 1867 uvae
1646 1824 1864 1867 varianae
1908 1836 1980 1879 ap.

1236 1882 1351 1925 Plin.
1392 1882 1458 1933 14,
1493 1883 1560 1926 2²9.
1596 1882 1622 1924 i.
1660 1897 1699 1938 q.
1735 1883 1984 1933 variantes,

1238 1941 1408 1984 diversi
1449 1941 1628 1985 coloris.
1670 1967 1718 1971 ‡--
1762 1942 1869 1985 olim
1905 1955 1983 1985 vo—

1236 2000 1300 2043 lui
1361 2001 1698 2044 nucleorum
1774 2001 1982 2044 ciatos.

1236 2073 1356 2102 nunc
1399 2060 1593 2114 suppleo
1641 2060 1788 2112 „illius
1831 2060 1983 2103 iuris“.

1240 2119 1336 2172 „ius
1380 2119 1436 2162 de
1481 2132 1564 2162 suo
1606 2122 1670 2162 ελ*
1737 2118 1861 2173 quod
1915 2132 1985 2162 co-

1239 2178 1422 2233 quendo
1456 2178 1501 2220 iu
1532 2178 1709 2232 patella
1750 2174 1816 2222 fit.
1863 2176 1983 2221 forte

1239 2250 1283 2280 c.
1320 2236 1467 2280 duos
1493 2237 1712 2281 exiure.
1735 2238 1983 2292 -proic

1238 2295 1452 2339 fascic.
1517 2297 1612 2339 131.
1664 2322 1716 2326 —
1765 2301 1985 2340 morta-

1238 2356 1383 2398 rium
1416 2356 1460 2397 in
1495 2355 1716 2398 mortario
1750 2358 1875 2406 trita,
1909 2356 1986 2398 tri-

1213 2449 1215 2451 >
1239 2419 1403 2463 turam,
1436 2414 1568 2469 piper
1594 2419 1640 2457 et
1661 2415 1864 2458 nucleos.
1887 2415 1985 2457 216.

1238 2474 1308 2517 ius
1326 2473 1610 2517 reexinanies
1629 2487 1765 2528 super
1788 2478 1987 2523 anatem,

1241 2533 1338 2576 226.
1364 2532 1524 2575 mittis.
1545 2558 1598 2563 ——
1619 2540 1678 2576 ut
1695 2532 1829 2577 serv.
1850 2533 1986 2576 codd.

1246 2617 1298 2621 -—
1332 2591 1524 2636 tribus
1558 2605 1671 2635 corr.
1691 2605 1774 2647 pro
1805 2592 1986 2635 tritis.

1242 2650 1413 2706 ponis
1458 2675 1511 2681 —-
1545 2651 1760 2706 appell.
1804 2650 1985 2694 ut194.

1243 2709 1476 2765 intellegit.
1518 2710 1587 2753 ius
1629 2711 1673 2752 in
1715 2723 1805 2765 quo
1840 2709 1989 2753 fervet

1242 2769 1410 2824 pullus,
1463 2782 1555 2812 non
1597 2769 1712 2815 illud
1755 2782 1846 2825 quo
1888 2782 1988 2824 per-

1242 2826 1451 2871 funditur
1483 2828 1699 2883 quodque
1743 2829 1856 2871 cita-t
1888 2828 1987 2871 246.

1244 2887 1342 2930 247.
1419 2888 1678 2931 accuratius
1747 2887 1988 2931 dicendum

1242 2950 1341 2990 erat
1378 2946 1518 2999 „illud
1550 2946 1661 2990 ius“.
