2098 3470
301 320 333 374 6
974 316 1244 374 Praefatio..

299 459 352 509 et
389 454 690 509 testimonio
725 454 842 506 Tuo
884 453 1139 522 singulari
1177 470 1262 507 me
1302 457 1561 522 perpetuo
1598 452 1886 518 ornaveriS‚

297 544 399 597 nisi
442 560 544 612 ego
586 544 665 597 Te
705 543 1052 597 vehementer
1093 542 1313 611 diligam
1348 548 1401 597 et
1427 560 1764 612 summopere
1798 545 1887 597 ob-

297 649 509 688 servem
546 650 829 701 meumque
869 633 990 685 Tibi
1030 633 1208 700 aliqua
1250 650 1316 686 ex
1354 637 1508 702 parte
1539 637 1745 699 gratum
1779 632 1887 685 ani-

296 740 440 776 mum
490 721 785 790 ostendam,
840 722 1178 790 inhumanUS‚
1218 723 1478 776 barbarus
1517 721 1743 776 iudicari
1783 739 1889 776 me-

289 813 394 867 rito
434 813 653 882 possim.
709 828 1029 879 quamquam
1083 812 1221 866 enim
1272 812 1382 865 scio
1431 812 1510 865 Te
1553 827 1673 865 esse
1713 811 1888 865 animo

296 907 407 956 tam
462 902 676 956 excelso
730 918 1054 970 magnoque,
1113 907 1170 955 ut
1221 901 1349 955 nihil
1407 918 1640 969 unquam
1698 902 1753 954 in
1805 919 1889 956 me

298 993 456 1047 officii
498 991 799 1059 contuleris,
853 995 909 1044 ut
948 991 1176 1060 gratiam
1216 991 1336 1045 Tibi
1378 1009 1410 1044 a
1450 1008 1536 1044 me
1575 990 1762 1045 referri
1801 997 1891 1046 aut

298 1086 648 1152 exspectares
689 1085 780 1134 aut
817 1081 1002 1148 velles,
1052 1085 1232 1134 tamen
1272 1080 1407 1134 sicut
1446 1082 1529 1133 Tu
1570 1082 1889 1135 benevolen-

295 1172 422 1225 tiam
477 1172 648 1225 Tuam
698 1170 753 1223 in
804 1187 890 1225 me
941 1174 1153 1224 exstare
1201 1170 1429 1238 voluisti,
1482 1170 1558 1224 ita
1594 1170 1721 1224 mihi
1761 1170 1889 1224 dan·

297 1262 424 1314 dam
479 1277 599 1314 esse
641 1276 863 1328 operam
904 1260 1164 1327 existimO,
1212 1265 1269 1313 ut
1308 1260 1485 1327 aliquo
1528 1260 1717 1313 saltem
1756 1259 1889 1327 vigi-

294 1351 485 1404 liarum
530 1366 770 1403 mearum
822 1350 1134 1403 munusculo
1193 1350 1272 1403 Te
1325 1349 1570 1417 afficiam,
1627 1348 1683 1401 id
1749 1348 1891 1416 quod

300 1440 400 1495 erit
440 1437 716 1506 eiusmodi,
758 1443 815 1491 ut
853 1455 959 1492 non
1000 1457 1032 1492 a
1071 1456 1156 1492 me
1194 1438 1539 1507 proficiscens
1580 1439 1650 1492 ad
1689 1440 1768 1493 Te
1801 1455 1889 1491 ve-

299 1529 428 1597 niat,
484 1527 582 1582 sed
633 1532 690 1581 ut
744 1528 841 1581 abs
882 1529 962 1582 Te
1000 1529 1148 1597 prius
1186 1527 1484 1597 profectum
1523 1527 1756 1595 mihique
1798 1527 1890 1581 do-

297 1623 480 1672 natum
517 1634 658 1670 nunc
698 1616 769 1670 ad
808 1618 888 1671 Te
927 1618 1120 1671 reverti
1158 1617 1317 1671 valde
1358 1617 1549 1686 cupiat.
1590 1618 1770 1684 itaque
1810 1618 1891 1669 Tu

297 1711 516 1777 praeter
557 1710 772 1761 caetera
819 1707 936 1760 Tua
974 1707 1028 1759 in
1067 1724 1153 1760 me
1192 1707 1380 1760 merita
1426 1711 1725 1760 currentem
1762 1706 1889 1760 inci-

296 1796 440 1864 tasti,
482 1795 717 1850 mendici
758 1796 998 1849 omnibus
1039 1795 1198 1850 armis
1237 1794 1626 1865 praesidiisque
1655 1795 1890 1849 destituti

296 1902 483 1955 peram
534 1884 823 1954 implevisti
877 1884 1107 1953 quinque
1167 1884 1439 1939 codicibus
1497 1885 1887 1954 manuscriptiS‚

298 1991 431 2042 quos
484 1974 690 2043 ingenti
742 1974 881 2028 aeris
934 1974 1175 2044 pondere
1222 1992 1319 2043 per
1369 1974 1511 2027 viros
1563 1974 1641 2028 rei
1688 1974 1889 2043 peritos

298 2064 587 2133 diligenter
625 2065 714 2118 vel
753 2063 1139 2119 describendos
1177 2065 1266 2118 vel
1306 2063 1660 2117 conferendos
1696 2065 1891 2118 curasti

296 2171 404 2208 non
443 2153 698 2221 ignorans
750 2154 988 2208 laborem
1035 2154 1371 2222 ingeniorum
1411 2153 1525 2207 sine
1563 2152 1757 2206 talibus
1797 2153 1889 2206 ad-

294 2243 544 2297 iumentis
584 2243 898 2312 plerumque
950 2260 1145 2296 vanum
1196 2259 1315 2296 esse
1365 2243 1663 2308 multasque
1703 2259 1890 2296 manus

297 2348 429 2385 onus
482 2331 650 2385 levius
707 2332 934 2399 efficere,
1003 2332 1247 2400 Apicium
1304 2331 1504 2385 habere
1558 2348 1664 2383 non
1716 2348 1890 2399 pauca-

297 2438 434 2489 quae
486 2439 554 2475 ne
605 2421 799 2490 Apollo
842 2420 1057 2488 quidem
1093 2421 1389 2488 intellegat,
1444 2437 1611 2488 opera
1651 2419 1890 2488 Sibyllae

296 2510 345 2565 ei
399 2527 533 2579 opus
586 2526 723 2577 esse,
776 2511 925 2564 locos
976 2510 1280 2562 innumeros
1336 2509 1617 2562 cimmeriis
1655 2509 1889 2562 tenebris

293 2599 575 2667 involutos,
618 2604 674 2652 ut
712 2616 781 2653 ne
820 2597 1174 2653 Execestides
1216 2597 1430 2665 quidem
1469 2598 1611 2650 viam
1650 2598 1889 2651 invenire

293 2688 483 2758 possit.

407 2777 556 2841 Quae
607 2794 693 2831 res
720 2776 976 2830 xmaxime
1030 2777 1204 2830 solent
1255 2775 1587 2842 antiquorum
1626 2774 1774 2829 libris
1813 2775 1887 2827 la-

294 2867 417 2920 bem
455 2866 654 2921 inferre
695 2883 793 2920 eae
832 2865 1078 2919 videntur
1118 2881 1302 2918 omnes
1355 2864 1427 2917 ad
1482 2863 1884 2933 depravandum

293 2955 395 3010 hoc
435 2955 590 3026 Apici
631 2956 943 3026 opusculum
997 2954 1349 3024 conspirasse,
1403 2953 1556 3008 huius
1612 2953 1752 3007 enim
1802 2970 1887 3009 co·
