2098 3470
398 297 499 347 112
923 295 1023 340 Lib.
1057 294 1113 339 V.
1178 294 1394 352 Ospreos.

503 428 625 480 208.
667 427 935 481 Alicam
974 429 1083 481 vel
1111 444 1337 481 sucum
1367 428 1648 481 tisanae
1680 429 1757 482 sic
1783 428 1975 482 facies:

389 500 615 553 tisanam
655 501 742 554 vel
781 502 971 555 alicam
1009 502 1239 555 lavando
1280 501 1440 554 fricas
1482 519 1636 568 quam
1678 508 1800 555 ante
1838 502 1978 556 diem

388 573 642 641 infundiS,
681 574 893 643 inponis
934 592 1095 644 supra
1134 575 1314 642 ignem
1355 575 1581 628 caldum.
1626 592 1743 628 cum
1794 577 1974 629 bullie-

391 649 473 715 rit,
515 648 689 702 mittes
732 649 835 702 olei
875 650 1002 702 satis
1045 654 1098 702 et
1137 649 1280 702 aneti
1332 649 1596 702 modicum
1648 649 1976 716 fasciculum,

395 739 585 790 cepam
627 722 841 789 siccam,
884 724 1169 776 satureiam
1199 728 1250 776 et
1275 723 1525 790 puleium,
1567 727 1623 775 ut
1646 723 1720 776 ibi
1748 740 1976 790 coquan-

391 801 487 849 tur.
529 801 750 867 propter
788 813 970 850 sucum
1010 797 1168 849 mittis
1209 791 1542 850 coriandrum
1582 796 1753 850 viride
1805 802 1856 850 et
1896 813 1978 850 sa-

391 870 496 923 lem
535 869 691 922 simul
728 870 903 923 tritum
953 876 1005 924 et
1056 870 1223 924 facies
1279 875 1333 922 ut
1381 870 1599 923 ferveat.
1673 887 1789 923 cum
1842 872 1979 924 bene

391 943 661 1010 fervuerit,
702 945 859 998 tolles
897 944 1211 998 fasciculum
1252 949 1303 997 et
1340 944 1629 997 transferes
1660 945 1714 996 in
1754 945 1978 997 alterum

394 1019 685 1072 caccabum
738 1018 968 1071 tisanam
1007 1019 1083 1072 sic
1134 1036 1201 1072 ne
1252 1018 1471 1070 fundum
1523 1024 1712 1085 tangat
1762 1023 1980 1086 propter

394 1093 783 1146 conbusturam.
847 1092 946 1145 lias
1014 1098 1066 1146 et
1131 1093 1362 1146 collocas
1414 1092 1469 1144 in
1522 1094 1756 1146 caccabo
1819 1109 1980 1160 super

392 1182 645 1220 acronem
697 1166 955 1220 colefium.
1022 1172 1164 1220 teres
1230 1166 1400 1236 piper,
1456 1165 1756 1233 ligisticum,
1814 1165 1979 1236 puleii

393 1239 529 1294 aridi
567 1239 850 1309 modicum,
892 1240 1154 1308 ciminum,
1197 1240 1296 1293 silfi
1348 1239 1558 1294 frictum
1611 1271 1682 1278 —-
1734 1245 1791 1293 ut
1843 1242 1979 1294 bene

393 1319 592 1368 teratur
630 1314 888 1368 suffundis
927 1316 1032 1368 mel
1072 1347 1141 1353 ——
1184 1318 1411 1381 acetum,
1464 1313 1759 1382 defrictum,
1812 1315 1977 1382 liqua-

393 1406 532 1443 men.
573 1388 812 1442 refundis
851 1390 904 1441 in
947 1391 1250 1457 caccabum,
1294 1388 1391 1442 sed
1434 1388 1676 1442 colefium
1710 1405 1975 1443 acronem.

394 1462 563 1517 facies
602 1469 659 1515 ut
697 1462 905 1517 ferveat
943 1480 1102 1534 super
1139 1464 1319 1530 ignem
1358 1463 1572 1516 lentum.

508 1538 630 1592 209.
669 1538 894 1591 Aliter
931 1538 1255 1591 tisanam:
1296 1536 1527 1589 infundis
1550 1537 1706 1603 cicer,
1761 1535 1978 1589 lenticu-

395 1611 517 1679 lam,
560 1612 748 1680 pisam.
793 1611 1026 1666 defricas
1073 1612 1300 1665 tisanam
1355 1616 1406 1664 et
1459 1628 1574 1664 cum
1627 1610 1980 1678 leguminibus

395 1686 578 1740 elixas,
620 1685 710 1739 ubi
750 1687 886 1739 bene
926 1686 1171 1753 bullierit,
1215 1685 1320 1738 olei
1360 1685 1486 1738 satis
1527 1685 1687 1737 mittis
1730 1688 1782 1737 et
1820 1701 1981 1752 super

395 1759 586 1813 viridia
625 1759 863 1813 concidis
902 1777 1132 1828 porrum,
1190 1759 1542 1827 coriandrum,
1584 1756 1813 1824 anetum,
1847 1757 1979 1811 feni-

396 1835 586 1902 culum,
642 1835 857 1901 (betam,
914 1833 1168 1905 malvam)
1223 1834 1502 1886 coliculum
1563 1833 1790 1885 mollem.
1846 1831 1982 1885 haec

394 1908 585 1961 viridia
623 1909 917 1961 minutatim
959 1909 1176 1961 concisa
1213 1909 1266 1959 in
1302 1910 1591 1960 caccabum
1625 1906 1800 1958 mittis,
1883 1905 1981 1958 Co-

397 2041 570 2085 elixata
623 2041 866 2085 121.133.
930 2041 1030 2085 141.
1084 2066 1138 2072 —-

395 2101 591 2144 mittis
649 2113 787 2156 super
842 2100 1032 2156 pullum.
1085 2125 1139 2132 -—

396 2159 694 2215 inpensam
743 2173 856 2203 corr.
912 2173 997 2215 pro
1054 2160 1142 2215 ip-

396 2231 529 2272 sam,
577 2218 686 2263 olim
732 2219 941 2274 pisam.
991 2244 1044 2250 —
1093 2218 1145 2262 si

396 2279 559 2324 011311111
591 2278 766 2323 addidi
802 2304 855 2309 —
898 2291 1143 2333 opercu-

396 2338 507 2382 lum
541 2342 592 2382 ut
622 2337 725 2382 431.
770 2342 841 2382 est
881 2337 1007 2393 quod
1049 2342 1143 2381 tec-

396 2402 494 2441 tum
534 2397 618 2442 sub
664 2409 755 2452 quo
790 2397 1019 2452 coquitur,
1051 2409 1144 2440 sar-

397 2457 574 2514 taginis
605 2456 680 2499 vel
714 2456 883 2501 clibani
915 2469 1076 2511 genus.

486 2516 547 2559 ad.
579 2515 679 2559 208.
723 2516 768 2558 in
799 2516 959 2571 paucis
992 2515 1149 2559 differt

397 2587 427 2619 a
457 2575 609 2619 tisana
644 2575 741 2619 179.
776 2600 831 2606 -
870 2587 1027 2618 sucum
1059 2574 1149 2630 pti-

397 2647 538 2679 sanae
585 2633 725 2678 hodie
774 2634 935 2677 dicunt
976 2647 1148 2679 cremo-

398 2708 492 2739 rem
540 2694 767 2750 ptisanae.
830 2693 973 2737 Petiti
1017 2692 1149 2737 Com-

398 2758 540 2797 men‘t.
573 2752 633 2796 ad
666 2752 857 2797 Aretae.
889 2765 932 2807 p.
956 2766 1013 2795 m.
1048 2753 1148 2795 228.

399 2813 665 2868 aliquam
682 2816 725 2863 β.
745 2812 1002 2868 252.—ig.
1035 2811 1149 2855 vel-

400 2872 528 2916 dum
562 2871 696 2916 codd.
732 2871 989 2915 calidum
1022 2870 1150 2914 vel-

401 2931 528 2977 dum
561 2946 606 2974 π.
626 2957 679 2963 -
700 2931 992 2976 colevium
1014 2929 1149 2974 codd.

1230 2040 1490 2096 puleium
1538 2044 1595 2083 et
1640 2039 1679 2083 i.
1722 2054 1768 2082 71.
1817 2037 1986 2082 colo-

1230 2100 1377 2144 sium
1420 2099 1579 2143 Torini
1610 2111 1786 2154 margo.
1821 2124 1874 2129 ——
1906 2111 1986 2154 pr.

1232 2173 1429 2202 sucum
1463 2158 1561 2202 suci
1593 2158 1759 2214 gratia,
1791 2157 1852 2200 ad
1871 2157 1981 2200 tisa-

1232 2232 1337 2261 nam
1400 2217 1718 2262 condiendam.
1783 2222 1985 2260 trans-

1233 2277 1352 2321 fers
1385 2292 1419 2316 π
1453 2277 1524 2321 ed
1558 2290 1625 2331 pr.
1661 2276 1715 2319 H.
1762 2301 1814 2306 ——
1857 2274 1987 2319 silfi

1235 2337 1269 2385 ζ.
1303 2362 1357 2368 ——-
1403 2341 1468 2379 ut
1509 2336 1656 2380 bene
1698 2340 1740 2378 t
1785 2334 1985 2378 3.11101

1239 2409 1327 2440 0111
1378 2411 1423 2438 71.
1473 2421 1526 2426 —
1592 2398 1824 2437 teratur
1870 2407 1987 2437 corr.

1238 2469 1322 2511 pro
1371 2459 1639 2510 tegatur.
1694 2451 1751 2495 cf.
1802 2453 1986 2497 omnino

1328 2546 1389 2616 ad
1422 2573 1519 2616 209.
1566 2571 1728 2616 eadem
1759 2569 1855 2614 fere
1891 2571 1986 2613 180.

1240 2632 1319 2677 ubi
1350 2632 1473 2697 vide,
1506 2630 1705 2686 indeque
1743 2629 1987 2685 intelleges

1243 2675 1470 2747 quaedam
1518 2690 1756 2734 excidisse.
1807 2714 1860 2718 —-
1905 2701 1985 2731 an.

1242 2750 1557 2794 feniculum
1591 2749 1819 2793 mollem
1853 2748 1989 2792 codd.

1243 2835 1295 2840 —-
1344 2809 1498 2852 mina
1547 2808 1794 2852 concisa
1853 2806 1987 2851 codd.

1242 2869 1369 2912 olera
1410 2868 1586 2911 minuta
1627 2881 1718 2911 uno
1759 2866 1988 2910 vocabulo

1241 2927 1445 2978 helvela,
1509 2928 1630 2971 Fest.
1695 2940 1738 2983 p.
1800 2927 1895 2979 103,
1949 2926 1989 2979 7,
