<?xml version="1.0" encoding="UTF-8"?>
<!DOCTYPE html PUBLIC "-//W3C//DTD XHTML 1.0 Transitional//EN"
    "http://www.w3.org/TR/xhtml1/DTD/xhtml1-transitional.dtd">
<html xmlns="http://www.w3.org/1999/xhtml" xml:lang="en" lang="en">
 <head>
  <title>
</title>
<meta http-equiv="Content-Type" content="text/html;charset=utf-8" />
  <meta name='ocr-system' content='tesseract 3.04.00' />
  <meta name='ocr-capabilities' content='ocr_page ocr_carea ocr_par ocr_line ocrx_word'/>
</head>
<body>
  <div class='ocr_page' id='page_1' title='image "apicicaelidereco00apicrich_0024.png"; bbox 0 0 2098 3470; ppageno 0'>
   <div class='ocr_carea' id='block_1_1' title="bbox 378 287 1299 344">
    <p class='ocr_par' dir='ltr' id='par_1_1' title="bbox 378 287 1299 344">
     <span class='ocr_line' id='line_1_1' title="bbox 378 287 1299 344; baseline -0.004 -2"><span class='ocrx_word' id='word_1_1' title='bbox 378 289 444 344; x_wconf 85' lang='lat'>18</span> <span class='ocrx_word' id='word_1_2' title='bbox 1045 287 1299 339; x_wconf 65' lang='lat' dir='ltr'>Praefatio,</span> 
     </span>
    </p>
   </div>
   <div class='ocr_carea' id='block_1_2' title="bbox 366 411 2033 2983">
    <p class='ocr_par' dir='ltr' id='par_1_2' title="bbox 366 411 2033 2983">
     <span class='ocr_line' id='line_1_2' title="bbox 374 411 1959 491; baseline 0.004 -17"><span class='ocrx_word' id='word_1_3' title='bbox 374 421 558 487; x_wconf 88' lang='lat' dir='ltr'>nescit,</span> <span class='ocrx_word' id='word_1_4' title='bbox 611 411 697 475; x_wconf 84' lang='lat' dir='ltr'>vel</span> <span class='ocrx_word' id='word_1_5' title='bbox 738 422 888 475; x_wconf 82' lang='lat' dir='ltr'>addit</span> <span class='ocrx_word' id='word_1_6' title='bbox 927 422 994 476; x_wconf 88' lang='lat' dir='ltr'>de</span> <span class='ocrx_word' id='word_1_7' title='bbox 1034 440 1128 476; x_wconf 87' lang='lat' dir='ltr'>suo</span> <span class='ocrx_word' id='word_1_8' title='bbox 1168 424 1456 491; x_wconf 82' lang='lat' dir='ltr'>ingeniolo,</span> <span class='ocrx_word' id='word_1_9' title='bbox 1509 441 1614 477; x_wconf 90' lang='lat' dir='ltr'>non</span> <span class='ocrx_word' id='word_1_10' title='bbox 1665 425 1734 478; x_wconf 87' lang='lat' dir='ltr'>de</span> <span class='ocrx_word' id='word_1_11' title='bbox 1774 425 1959 480; x_wconf 89' lang='lat' dir='ltr'>codice</span> 
     </span>
     <span class='ocr_line' id='line_1_3' title="bbox 375 510 1958 580; baseline 0.004 -19"><span class='ocrx_word' id='word_1_12' title='bbox 375 511 463 577; x_wconf 89' lang='lat' dir='ltr'>qui</span> <span class='ocrx_word' id='word_1_13' title='bbox 513 510 696 563; x_wconf 87' lang='lat' dir='ltr'>fabula</span> <span class='ocrx_word' id='word_1_14' title='bbox 749 516 844 577; x_wconf 87' lang='lat' dir='ltr'>est,</span> <span class='ocrx_word' id='word_1_15' title='bbox 897 512 983 564; x_wconf 90' lang='lat' dir='ltr'>vel</span> <span class='ocrx_word' id='word_1_16' title='bbox 1033 513 1227 580; x_wconf 73' lang='lat' dir='ltr'>rep-etit</span> <span class='ocrx_word' id='word_1_17' title='bbox 1279 529 1484 565; x_wconf 87' lang='lat' dir='ltr'>errores</span> <span class='ocrx_word' id='word_1_18' title='bbox 1531 517 1762 580; x_wconf 77' lang='lat' dir='ltr'>apertOS,</span> <span class='ocrx_word' id='word_1_19' title='bbox 1817 514 1958 567; x_wconf 89' lang='lat' dir='ltr'>unde</span> 
     </span>
     <span class='ocr_line' id='line_1_4' title="bbox 376 599 1961 667; baseline 0.002 -16"><span class='ocrx_word' id='word_1_20' title='bbox 376 615 492 651; x_wconf 87' lang='lat' dir='ltr'>cum</span> <span class='ocrx_word' id='word_1_21' title='bbox 533 615 629 666; x_wconf 82' lang='lat' dir='ltr'>pro</span> <span class='ocrx_word' id='word_1_22' title='bbox 670 599 854 652; x_wconf 83' lang='lat' dir='ltr'>merito</span> <span class='ocrx_word' id='word_1_23' title='bbox 894 600 999 650; x_wconf 83' lang='lat' dir='ltr'>iam</span> <span class='ocrx_word' id='word_1_24' title='bbox 1042 600 1300 667; x_wconf 80' lang='lat' dir='ltr'>castigavi</span> <span class='ocrx_word' id='word_1_25' title='bbox 1347 600 1399 652; x_wconf 89' lang='lat' dir='ltr'>in</span> <span class='ocrx_word' id='word_1_26' title='bbox 1450 600 1597 652; x_wconf 84' lang='lat' dir='ltr'>Iahn.</span> <span class='ocrx_word' id='word_1_27' title='bbox 1643 601 1839 654; x_wconf 83' lang='lat' dir='ltr'>Archiv</span> <span class='ocrx_word' id='word_1_28' title='bbox 1878 602 1961 654; x_wconf 81' lang='lat' dir='ltr'>fiir</span> 
     </span>
     <span class='ocr_line' id='line_1_5' title="bbox 372 687 1959 756; baseline 0.003 -18"><span class='ocrx_word' id='word_1_29' title='bbox 372 687 559 740; x_wconf 84' lang='lat' dir='ltr'>Philol.</span> <span class='ocrx_word' id='word_1_30' title='bbox 603 705 649 741; x_wconf 87' lang='lat' dir='ltr'>u.</span> <span class='ocrx_word' id='word_1_31' title='bbox 694 688 897 755; x_wconf 35' lang='lat' dir='ltr'>Padag,</span> <span class='ocrx_word' id='word_1_32' title='bbox 934 690 1081 741; x_wconf 78' lang='lat' dir='ltr'><strong>XIX.</strong></span> <span class='ocrx_word' id='word_1_33' title='bbox 1125 706 1175 756; x_wconf 84' lang='lat' dir='ltr'>p.</span> <span class='ocrx_word' id='word_1_34' title='bbox 1214 690 1336 742; x_wconf 76' lang='lat'><strong>1213.</strong></span> <span class='ocrx_word' id='word_1_35' title='bbox 1378 689 1590 741; x_wconf 89' lang='lat' dir='ltr'>minime</span> <span class='ocrx_word' id='word_1_36' title='bbox 1628 695 1811 742; x_wconf 89' lang='lat' dir='ltr'>contra</span> <span class='ocrx_word' id='word_1_37' title='bbox 1843 707 1959 743; x_wconf 88' lang='lat' dir='ltr'>suc-</span> 
     </span>
     <span class='ocr_line' id='line_1_6' title="bbox 375 776 1961 847; baseline 0 -18"><span class='ocrx_word' id='word_1_38' title='bbox 375 793 652 830; x_wconf 78' lang='lat' dir='ltr'>censemus</span> <span class='ocrx_word' id='word_1_39' title='bbox 694 776 828 829; x_wconf 74' lang='lat' dir='ltr'>Grab.</span> <span class='ocrx_word' id='word_1_40' title='bbox 870 776 1248 844; x_wconf 88' lang='lat' dir='ltr'>Humelbergio</span> <span class='ocrx_word' id='word_1_41' title='bbox 1287 777 1361 829; x_wconf 89' lang='lat' dir='ltr'>ita</span> <span class='ocrx_word' id='word_1_42' title='bbox 1392 776 1529 829; x_wconf 91' lang='lat' dir='ltr'>inter</span> <span class='ocrx_word' id='word_1_43' title='bbox 1562 777 1667 829; x_wconf 88' lang='lat' dir='ltr'>alia</span> <span class='ocrx_word' id='word_1_44' title='bbox 1694 777 1961 847; x_wconf 85' lang='lat' dir='ltr'>praefanti</span> 
     </span>
     <span class='ocr_line' id='line_1_7' title="bbox 377 864 1959 934; baseline 0.001 -18"><span class='ocrx_word' id='word_1_45' title='bbox 377 864 533 934; x_wconf 84' lang='lat' dir='ltr'>„quia</span> <span class='ocrx_word' id='word_1_46' title='bbox 574 865 1000 933; x_wconf 82' lang='lat' dir='ltr'>depravatissimi</span> <span class='ocrx_word' id='word_1_47' title='bbox 1039 870 1160 918; x_wconf 90' lang='lat' dir='ltr'>sunt</span> <span class='ocrx_word' id='word_1_48' title='bbox 1196 865 1370 933; x_wconf 80' lang='lat' dir='ltr'>Apicii</span> <span class='ocrx_word' id='word_1_49' title='bbox 1410 865 1543 931; x_wconf 84' lang='lat' dir='ltr'>libri,</span> <span class='ocrx_word' id='word_1_50' title='bbox 1585 870 1641 917; x_wconf 90' lang='lat' dir='ltr'>ut</span> <span class='ocrx_word' id='word_1_51' title='bbox 1679 864 1733 917; x_wconf 91' lang='lat' dir='ltr'>in</span> <span class='ocrx_word' id='word_1_52' title='bbox 1774 864 1959 933; x_wconf 89' lang='lat' dir='ltr'>quibus</span> 
     </span>
     <span class='ocr_line' id='line_1_8' title="bbox 371 953 1960 1021; baseline 0.001 -16"><span class='ocrx_word' id='word_1_53' title='bbox 371 953 555 1021; x_wconf 89' lang='lat' dir='ltr'>„nulla</span> <span class='ocrx_word' id='word_1_54' title='bbox 593 954 660 1006; x_wconf 91' lang='lat' dir='ltr'>sit</span> <span class='ocrx_word' id='word_1_55' title='bbox 698 953 914 1021; x_wconf 81' lang='lat' dir='ltr'>pagina,</span> <span class='ocrx_word' id='word_1_56' title='bbox 955 954 1060 1006; x_wconf 91' lang='lat' dir='ltr'>imo</span> <span class='ocrx_word' id='word_1_57' title='bbox 1088 954 1177 1006; x_wconf 81' lang='lat' dir='ltr'>vix</span> <span class='ocrx_word' id='word_1_58' title='bbox 1202 970 1310 1006; x_wconf 91' lang='lat' dir='ltr'>una</span> <span class='ocrx_word' id='word_1_59' title='bbox 1336 957 1427 1005; x_wconf 86' lang='lat' dir='ltr'>aut</span> <span class='ocrx_word' id='word_1_60' title='bbox 1456 954 1624 1007; x_wconf 89' lang='lat' dir='ltr'>altera</span> <span class='ocrx_word' id='word_1_61' title='bbox 1648 953 1798 1020; x_wconf 84' lang='lat' dir='ltr'>quasi</span> <span class='ocrx_word' id='word_1_62' title='bbox 1820 954 1960 1006; x_wconf 91' lang='lat' dir='ltr'>linea</span> 
     </span>
     <span class='ocr_line' id='line_1_9' title="bbox 371 1041 1959 1112; baseline 0.001 -18"><span class='ocrx_word' id='word_1_63' title='bbox 371 1058 515 1109; x_wconf 88' lang='lat' dir='ltr'>„non</span> <span class='ocrx_word' id='word_1_64' title='bbox 548 1041 807 1095; x_wconf 89' lang='lat' dir='ltr'>mendosa</span> <span class='ocrx_word' id='word_1_65' title='bbox 835 1046 887 1094; x_wconf 90' lang='lat' dir='ltr'>et</span> <span class='ocrx_word' id='word_1_66' title='bbox 926 1042 1232 1111; x_wconf 82' lang='lat' dir='ltr'>prodigiose</span> <span class='ocrx_word' id='word_1_67' title='bbox 1260 1048 1526 1112; x_wconf 83' lang='lat' dir='ltr'>corrupta,</span> <span class='ocrx_word' id='word_1_68' title='bbox 1567 1042 1704 1096; x_wconf 88' lang='lat' dir='ltr'>adeo</span> <span class='ocrx_word' id='word_1_69' title='bbox 1746 1042 1959 1110; x_wconf 87' lang='lat' dir='ltr'>quidem</span> 
     </span>
     <span class='ocr_line' id='line_1_10' title="bbox 371 1130 1959 1198; baseline 0.001 -16"><span class='ocrx_word' id='word_1_70' title='bbox 371 1135 468 1198; x_wconf 90' lang='lat' dir='ltr'>„ut</span> <span class='ocrx_word' id='word_1_71' title='bbox 506 1131 677 1183; x_wconf 84' lang='lat' dir='ltr'>nullus</span> <span class='ocrx_word' id='word_1_72' title='bbox 717 1130 841 1184; x_wconf 88' lang='lat' dir='ltr'>inde</span> <span class='ocrx_word' id='word_1_73' title='bbox 881 1148 1068 1185; x_wconf 88' lang='lat' dir='ltr'>sensus</span> <span class='ocrx_word' id='word_1_74' title='bbox 1120 1131 1243 1184; x_wconf 89' lang='lat' dir='ltr'>elici</span> <span class='ocrx_word' id='word_1_75' title='bbox 1283 1147 1384 1184; x_wconf 92' lang='lat' dir='ltr'>nec</span> <span class='ocrx_word' id='word_1_76' title='bbox 1424 1131 1656 1184; x_wconf 89' lang='lat' dir='ltr'>auctoris</span> <span class='ocrx_word' id='word_1_77' title='bbox 1695 1147 1846 1184; x_wconf 90' lang='lat' dir='ltr'>mens</span> <span class='ocrx_word' id='word_1_78' title='bbox 1883 1131 1959 1183; x_wconf 92' lang='lat' dir='ltr'>in-</span> 
     </span>
     <span class='ocr_line' id='line_1_11' title="bbox 370 1219 1957 1291; baseline 0 -20"><span class='ocrx_word' id='word_1_79' title='bbox 370 1219 578 1287; x_wconf 90' lang='lat' dir='ltr'>„telligi</span> <span class='ocrx_word' id='word_1_80' title='bbox 600 1219 784 1287; x_wconf 90' lang='lat' dir='ltr'>possit,</span> <span class='ocrx_word' id='word_1_81' title='bbox 825 1220 946 1273; x_wconf 91' lang='lat' dir='ltr'>hinc</span> <span class='ocrx_word' id='word_1_82' title='bbox 983 1236 1181 1291; x_wconf 91' lang='lat' dir='ltr'>operae</span> <span class='ocrx_word' id='word_1_83' title='bbox 1211 1219 1438 1287; x_wconf 85' lang='lat' dir='ltr'>pretium</span> <span class='ocrx_word' id='word_1_84' title='bbox 1479 1235 1597 1273; x_wconf 88' lang='lat' dir='ltr'>esse</span> <span class='ocrx_word' id='word_1_85' title='bbox 1639 1219 1764 1271; x_wconf 81' lang='lat' dir='ltr'>duxi</span> <span class='ocrx_word' id='word_1_86' title='bbox 1805 1219 1957 1273; x_wconf 90' lang='lat' dir='ltr'>casti-</span> 
     </span>
     <span class='ocr_line' id='line_1_12' title="bbox 371 1299 1961 1377; baseline 0 -17"><span class='ocrx_word' id='word_1_87' title='bbox 371 1307 575 1377; x_wconf 89' lang='lat' dir='ltr'>„gandi</span> <span class='ocrx_word' id='word_1_88' title='bbox 602 1325 734 1361; x_wconf 90' lang='lat' dir='ltr'>onus</span> <span class='ocrx_word' id='word_1_89' title='bbox 762 1309 1033 1377; x_wconf 81' lang='lat' dir='ltr'>suscipere</span> <span class='ocrx_word' id='word_1_90' title='bbox 1063 1314 1116 1362; x_wconf 93' lang='lat' dir='ltr'>et</span> <span class='ocrx_word' id='word_1_91' title='bbox 1150 1299 1439 1361; x_wconf 88' lang='lat' dir='ltr'>emendare</span> <span class='ocrx_word' id='word_1_92' title='bbox 1466 1308 1600 1360; x_wconf 75' lang='lat' dir='ltr'>illos</span> <span class='ocrx_word' id='word_1_93' title='bbox 1643 1306 1834 1377; x_wconf 91' lang='lat' dir='ltr'>quodsi</span> <span class='ocrx_word' id='word_1_94' title='bbox 1860 1307 1961 1361; x_wconf 88' lang='lat' dir='ltr'>hac</span> 
     </span>
     <span class='ocr_line' id='line_1_13' title="bbox 371 1396 2033 1473; baseline -0.001 -22"><span class='ocrx_word' id='word_1_95' title='bbox 371 1397 784 1473; x_wconf 74' lang='lat' dir='ltr'>„castigatione,</span> <span class='ocrx_word' id='word_1_96' title='bbox 810 1414 914 1464; x_wconf 89' lang='lat' dir='ltr'>qua</span> <span class='ocrx_word' id='word_1_97' title='bbox 931 1399 1090 1451; x_wconf 89' lang='lat' dir='ltr'>etiam</span> <span class='ocrx_word' id='word_1_98' title='bbox 1117 1398 1374 1451; x_wconf 88' lang='lat' dir='ltr'>minutula</span> <span class='ocrx_word' id='word_1_99' title='bbox 1389 1396 1669 1466; x_wconf 87' lang='lat' dir='ltr'>quaedam,</span> <span class='ocrx_word' id='word_1_100' title='bbox 1700 1396 1797 1450; x_wconf 89' lang='lat' dir='ltr'>sed</span> <span class='ocrx_word' id='word_1_101' title='bbox 1821 1413 1959 1466; x_wconf 90' lang='lat' dir='ltr'>quae</span> <span class='ocrx_word' id='word_1_102' title='bbox 2028 1398 2033 1401; x_wconf 77' lang='grc'><strong>’</strong></span> 
     </span>
     <span class='ocr_line' id='line_1_14' title="bbox 371 1486 1959 1555; baseline -0.001 -16"><span class='ocrx_word' id='word_1_103' title='bbox 371 1487 662 1555; x_wconf 89' lang='lat' dir='ltr'>„lectorem</span> <span class='ocrx_word' id='word_1_104' title='bbox 688 1491 1032 1554; x_wconf 84' lang='lat' dir='ltr'>remorentur,</span> <span class='ocrx_word' id='word_1_105' title='bbox 1073 1486 1440 1539; x_wconf 82' lang='lat' dir='ltr'>annotavimus</span> <span class='ocrx_word' id='word_1_106' title='bbox 1470 1491 1521 1539; x_wconf 95' lang='lat' dir='ltr'>et</span> <span class='ocrx_word' id='word_1_107' title='bbox 1543 1486 1798 1554; x_wconf 89' lang='lat' dir='ltr'>pleraque</span> <span class='ocrx_word' id='word_1_108' title='bbox 1835 1502 1959 1539; x_wconf 69' lang='lat' dir='ltr'>con:</span> 
     </span>
     <span class='ocr_line' id='line_1_15' title="bbox 371 1573 1959 1644; baseline -0.001 -16"><span class='ocrx_word' id='word_1_109' title='bbox 371 1576 710 1643; x_wconf 82' lang='lat' dir='ltr'>„niventibus</span> <span class='ocrx_word' id='word_1_110' title='bbox 738 1576 903 1629; x_wconf 91' lang='lat' dir='ltr'>oculis</span> <span class='ocrx_word' id='word_1_111' title='bbox 928 1574 1327 1641; x_wconf 79' lang='lat' dir='ltr'>transmisimuS,</span> <span class='ocrx_word' id='word_1_112' title='bbox 1369 1575 1614 1628; x_wconf 89' lang='lat' dir='ltr'>universo</span> <span class='ocrx_word' id='word_1_113' title='bbox 1644 1573 1791 1644; x_wconf 88' lang='lat' dir='ltr'>operi</span> <span class='ocrx_word' id='word_1_114' title='bbox 1831 1591 1959 1626; x_wconf 90' lang='lat' dir='ltr'>non-</span> 
     </span>
     <span class='ocr_line' id='line_1_16' title="bbox 370 1663 1954 1732; baseline -0.001 -16"><span class='ocrx_word' id='word_1_115' title='bbox 370 1664 534 1732; x_wconf 92' lang='lat' dir='ltr'>„dum</span> <span class='ocrx_word' id='word_1_116' title='bbox 561 1664 696 1717; x_wconf 87' lang='lat' dir='ltr'>forte</span> <span class='ocrx_word' id='word_1_117' title='bbox 726 1663 797 1716; x_wconf 90' lang='lat' dir='ltr'>ad</span> <span class='ocrx_word' id='word_1_118' title='bbox 823 1665 1038 1732; x_wconf 90' lang='lat' dir='ltr'>plenum</span> <span class='ocrx_word' id='word_1_119' title='bbox 1060 1663 1388 1716; x_wconf 87' lang='lat' dir='ltr'>satisfactum</span> <span class='ocrx_word' id='word_1_120' title='bbox 1403 1663 1577 1730; x_wconf 88' lang='lat' dir='ltr'>fuerit,</span> <span class='ocrx_word' id='word_1_121' title='bbox 1606 1668 1784 1715; x_wconf 90' lang='lat' dir='ltr'>tamen</span> <span class='ocrx_word' id='word_1_122' title='bbox 1798 1679 1954 1715; x_wconf 91' lang='lat' dir='ltr'>nemo</span> 
     </span>
     <span class='ocr_line' id='line_1_17' title="bbox 370 1750 1958 1822; baseline -0.003 -16"><span class='ocrx_word' id='word_1_123' title='bbox 370 1753 462 1821; x_wconf 90' lang='lat' dir='ltr'>„id</span> <span class='ocrx_word' id='word_1_124' title='bbox 492 1770 656 1806; x_wconf 86' lang='lat' dir='ltr'>sanae</span> <span class='ocrx_word' id='word_1_125' title='bbox 684 1753 875 1806; x_wconf 87' lang='lat' dir='ltr'>mentis</span> <span class='ocrx_word' id='word_1_126' title='bbox 908 1758 1035 1822; x_wconf 91' lang='lat' dir='ltr'>puto</span> <span class='ocrx_word' id='word_1_127' title='bbox 1064 1753 1188 1806; x_wconf 91' lang='lat' dir='ltr'>vitio</span> <span class='ocrx_word' id='word_1_128' title='bbox 1227 1757 1414 1818; x_wconf 89' lang='lat' dir='ltr'>vertet,</span> <span class='ocrx_word' id='word_1_129' title='bbox 1457 1769 1574 1805; x_wconf 91' lang='lat' dir='ltr'>cum</span> <span class='ocrx_word' id='word_1_130' title='bbox 1608 1751 1849 1804; x_wconf 89' lang='lat' dir='ltr'>homines</span> <span class='ocrx_word' id='word_1_131' title='bbox 1890 1750 1958 1803; x_wconf 89' lang='lat' dir='ltr'>si-</span> 
     </span>
     <span class='ocr_line' id='line_1_18' title="bbox 370 1838 1960 1911; baseline -0.003 -18"><span class='ocrx_word' id='word_1_132' title='bbox 370 1857 526 1909; x_wconf 90' lang='lat' dir='ltr'>„mus</span> <span class='ocrx_word' id='word_1_133' title='bbox 568 1846 620 1894; x_wconf 91' lang='lat' dir='ltr'>et</span> <span class='ocrx_word' id='word_1_134' title='bbox 658 1841 802 1894; x_wconf 89' lang='lat' dir='ltr'>nulla</span> <span class='ocrx_word' id='word_1_135' title='bbox 843 1842 910 1894; x_wconf 90' lang='lat' dir='ltr'>sit</span> <span class='ocrx_word' id='word_1_136' title='bbox 948 1841 1232 1911; x_wconf 74' lang='lat' dir='ltr'>disciplina</span> <span class='ocrx_word' id='word_1_137' title='bbox 1271 1845 1360 1892; x_wconf 90' lang='lat' dir='ltr'>aut</span> <span class='ocrx_word' id='word_1_138' title='bbox 1399 1857 1485 1893; x_wconf 82' lang='lat' dir='ltr'>ars</span> <span class='ocrx_word' id='word_1_139' title='bbox 1527 1857 1665 1907; x_wconf 89' lang='lat' dir='ltr'>quae</span> <span class='ocrx_word' id='word_1_140' title='bbox 1704 1838 1960 1906; x_wconf 85' lang='lat' dir='ltr'>singulari</span> 
     </span>
     <span class='ocr_line' id='line_1_19' title="bbox 369 1927 1961 1999; baseline -0.004 -16"><span class='ocrx_word' id='word_1_141' title='bbox 369 1934 772 1998; x_wconf 89' lang='lat' dir='ltr'>„consummata</span> <span class='ocrx_word' id='word_1_142' title='bbox 812 1931 879 1982; x_wconf 89' lang='lat' dir='ltr'>sit</span> <span class='ocrx_word' id='word_1_143' title='bbox 916 1931 1150 1998; x_wconf 76' lang='lat' dir='ltr'>ingenio,</span> <span class='ocrx_word' id='word_1_144' title='bbox 1192 1934 1518 1999; x_wconf 88' lang='lat' dir='ltr'>quapropter</span> <span class='ocrx_word' id='word_1_145' title='bbox 1568 1934 1625 1980; x_wconf 92' lang='lat' dir='ltr'>ut</span> <span class='ocrx_word' id='word_1_146' title='bbox 1671 1927 1725 1979; x_wconf 90' lang='lat' dir='ltr'>in</span> <span class='ocrx_word' id='word_1_147' title='bbox 1764 1943 1961 1993; x_wconf 90' lang='lat' dir='ltr'>magna</span> 
     </span>
     <span class='ocr_line' id='line_1_20' title="bbox 370 2015 1960 2087; baseline -0.003 -16"><span class='ocrx_word' id='word_1_148' title='bbox 370 2019 544 2087; x_wconf 91' lang='lat' dir='ltr'>„silva</span> <span class='ocrx_word' id='word_1_149' title='bbox 570 2019 695 2071; x_wconf 92' lang='lat' dir='ltr'>boni</span> <span class='ocrx_word' id='word_1_150' title='bbox 722 2020 991 2072; x_wconf 88' lang='lat' dir='ltr'>venatoris</span> <span class='ocrx_word' id='word_1_151' title='bbox 1025 2025 1105 2072; x_wconf 91' lang='lat' dir='ltr'>est</span> <span class='ocrx_word' id='word_1_152' title='bbox 1132 2017 1453 2084; x_wconf 84' lang='lat' dir='ltr'>indaganter</span> <span class='ocrx_word' id='word_1_153' title='bbox 1486 2016 1628 2070; x_wconf 88' lang='lat' dir='ltr'>feras</span> <span class='ocrx_word' id='word_1_154' title='bbox 1663 2033 1820 2085; x_wconf 85' lang='lat' dir='ltr'>quam</span> <span class='ocrx_word' id='word_1_155' title='bbox 1847 2015 1960 2083; x_wconf 83' lang='lat' dir='ltr'>plu-</span> 
     </span>
     <span class='ocr_line' id='line_1_21' title="bbox 369 2105 1962 2176; baseline -0.003 -17"><span class='ocrx_word' id='word_1_156' title='bbox 369 2107 567 2175; x_wconf 85' lang='lat' dir='ltr'>„rimas</span> <span class='ocrx_word' id='word_1_157' title='bbox 609 2125 804 2176; x_wconf 88' lang='lat' dir='ltr'>capere</span> <span class='ocrx_word' id='word_1_158' title='bbox 831 2125 932 2162; x_wconf 91' lang='lat' dir='ltr'>nee</span> <span class='ocrx_word' id='word_1_159' title='bbox 972 2107 1215 2174; x_wconf 88' lang='lat' dir='ltr'>cuiquam</span> <span class='ocrx_word' id='word_1_160' title='bbox 1257 2105 1448 2173; x_wconf 93' lang='lat' dir='ltr'>culpae</span> <span class='ocrx_word' id='word_1_161' title='bbox 1487 2105 1584 2157; x_wconf 83' lang='lat' dir='ltr'>fuit</span> <span class='ocrx_word' id='word_1_162' title='bbox 1631 2120 1739 2156; x_wconf 94' lang='lat' dir='ltr'>non</span> <span class='ocrx_word' id='word_1_163' title='bbox 1779 2118 1962 2155; x_wconf 89' lang='lat' dir='ltr'>omnes</span> 
     </span>
     <span class='ocr_line' id='line_1_22' title="bbox 369 2190 1961 2266; baseline -0.004 -18"><span class='ocrx_word' id='word_1_164' title='bbox 369 2196 646 2266; x_wconf 77' lang='lat' dir='ltr'>„cepisset</span> <span class='ocrx_word' id='word_1_165' title='bbox 687 2197 763 2249; x_wconf 91' lang='lat' dir='ltr'>ita</span> <span class='ocrx_word' id='word_1_166' title='bbox 788 2197 943 2250; x_wconf 88' lang='lat' dir='ltr'>nobis</span> <span class='ocrx_word' id='word_1_167' title='bbox 978 2196 1106 2249; x_wconf 88' lang='lat' dir='ltr'>satis</span> <span class='ocrx_word' id='word_1_168' title='bbox 1136 2193 1455 2260; x_wconf 85' lang='lat' dir='ltr'>abundeque</span> <span class='ocrx_word' id='word_1_169' title='bbox 1481 2190 1641 2246; x_wconf 76' lang='lat' dir='ltr'>fuerit</span> <span class='ocrx_word' id='word_1_170' title='bbox 1679 2208 1774 2262; x_wconf 86' lang='lat' dir='ltr'>pro</span> <span class='ocrx_word' id='word_1_171' title='bbox 1813 2191 1961 2258; x_wconf 83' lang='lat' dir='ltr'>inge-</span> 
     </span>
     <span class='ocr_line' id='line_1_23' title="bbox 368 2284 1959 2352; baseline -0.004 -16"><span class='ocrx_word' id='word_1_172' title='bbox 368 2285 480 2352; x_wconf 89' lang='lat' dir='ltr'>„nii</span> <span class='ocrx_word' id='word_1_173' title='bbox 506 2285 672 2338; x_wconf 87' lang='lat' dir='ltr'>nostri</span> <span class='ocrx_word' id='word_1_174' title='bbox 701 2284 897 2338; x_wconf 87' lang='lat' dir='ltr'>viribus</span> <span class='ocrx_word' id='word_1_175' title='bbox 927 2284 1212 2337; x_wconf 81' lang='lat' dir='ltr'>maximam</span> <span class='ocrx_word' id='word_1_176' title='bbox 1251 2287 1457 2350; x_wconf 86' lang='lat' dir='ltr'>partem</span> <span class='ocrx_word' id='word_1_177' title='bbox 1497 2285 1551 2334; x_wconf 91' lang='lat' dir='ltr'>et</span> <span class='ocrx_word' id='word_1_178' title='bbox 1585 2284 1836 2349; x_wconf 88' lang='lat' dir='ltr'>quantum</span> <span class='ocrx_word' id='word_1_179' title='bbox 1867 2294 1959 2346; x_wconf 90' lang='lat' dir='ltr'>po-</span> 
     </span>
     <span class='ocr_line' id='line_1_24' title="bbox 371 2367 1961 2442; baseline -0.004 -16"><span class='ocrx_word' id='word_1_180' title='bbox 371 2374 475 2441; x_wconf 85' lang='lat' dir='ltr'>„tis</span> <span class='ocrx_word' id='word_1_181' title='bbox 495 2374 593 2426; x_wconf 84' lang='lat' dir='ltr'>fuit</span> <span class='ocrx_word' id='word_1_182' title='bbox 613 2373 960 2442; x_wconf 85' lang='lat' dir='ltr'>praestitisse,</span> <span class='ocrx_word' id='word_1_183' title='bbox 1000 2390 1118 2426; x_wconf 91' lang='lat' dir='ltr'>cum</span> <span class='ocrx_word' id='word_1_184' title='bbox 1148 2372 1416 2425; x_wconf 88' lang='lat' dir='ltr'>etiamnon</span> <span class='ocrx_word' id='word_1_185' title='bbox 1445 2368 1704 2422; x_wconf 86' lang='lat' dir='ltr'>assecutis</span> <span class='ocrx_word' id='word_1_186' title='bbox 1730 2367 1961 2420; x_wconf 88' lang='lat' dir='ltr'>voluisse</span> 
     </span>
     <span class='ocr_line' id='line_1_25' title="bbox 368 2456 1961 2532; baseline -0.006 -15"><span class='ocrx_word' id='word_1_187' title='bbox 368 2462 621 2530; x_wconf 87' lang='lat' dir='ltr'>„abunde</span> <span class='ocrx_word' id='word_1_188' title='bbox 661 2462 901 2532; x_wconf 90' lang='lat' dir='ltr'>pulcrum</span> <span class='ocrx_word' id='word_1_189' title='bbox 941 2466 1100 2528; x_wconf 92' lang='lat' dir='ltr'>atque</span> <span class='ocrx_word' id='word_1_190' title='bbox 1141 2459 1488 2527; x_wconf 89' lang='lat' dir='ltr'>magnificum</span> <span class='ocrx_word' id='word_1_191' title='bbox 1527 2458 1609 2524; x_wconf 89' lang='lat' dir='ltr'>sit,</span> <span class='ocrx_word' id='word_1_192' title='bbox 1651 2456 1961 2528; x_wconf 88' lang='lat' dir='ltr'>praesertim</span> 
     </span>
     <span class='ocr_line' id='line_1_26' title="bbox 366 2544 1960 2620; baseline -0.005 -17"><span class='ocrx_word' id='word_1_193' title='bbox 366 2552 459 2620; x_wconf 91' lang='lat' dir='ltr'>„in</span> <span class='ocrx_word' id='word_1_194' title='bbox 485 2569 543 2605; x_wconf 92' lang='lat' dir='ltr'>re</span> <span class='ocrx_word' id='word_1_195' title='bbox 569 2556 677 2603; x_wconf 89' lang='lat' dir='ltr'>tam</span> <span class='ocrx_word' id='word_1_196' title='bbox 704 2550 888 2617; x_wconf 86' lang='lat' dir='ltr'>ardua,</span> <span class='ocrx_word' id='word_1_197' title='bbox 930 2551 983 2602; x_wconf 91' lang='lat' dir='ltr'>in</span> <span class='ocrx_word' id='word_1_198' title='bbox 1019 2567 1124 2618; x_wconf 89' lang='lat' dir='ltr'>qua</span> <span class='ocrx_word' id='word_1_199' title='bbox 1152 2549 1237 2602; x_wconf 92' lang='lat' dir='ltr'>vel</span> <span class='ocrx_word' id='word_1_200' title='bbox 1270 2549 1515 2616; x_wconf 83' lang='lat' dir='ltr'>Lynceus</span> <span class='ocrx_word' id='word_1_201' title='bbox 1547 2544 1809 2615; x_wconf 89' lang='lat' dir='ltr'>quispiam</span> <span class='ocrx_word' id='word_1_202' title='bbox 1841 2560 1960 2612; x_wconf 90' lang='lat' dir='ltr'>per-</span> 
     </span>
     <span class='ocr_line' id='line_1_27' title="bbox 367 2633 1959 2711; baseline -0.006 -18"><span class='ocrx_word' id='word_1_203' title='bbox 367 2639 799 2711; x_wconf 87' lang='lat' dir='ltr'>„spicacissimus</span> <span class='ocrx_word' id='word_1_204' title='bbox 834 2644 924 2691; x_wconf 89' lang='lat' dir='ltr'>aut</span> <span class='ocrx_word' id='word_1_205' title='bbox 955 2640 1129 2705; x_wconf 85' lang='lat' dir='ltr'>Argus</span> <span class='ocrx_word' id='word_1_206' title='bbox 1173 2635 1579 2701; x_wconf 83' lang='lat' dir='ltr'>oculatissimuS,</span> <span class='ocrx_word' id='word_1_207' title='bbox 1620 2633 1817 2687; x_wconf 81' lang='lat' dir='ltr'>nedum</span> <span class='ocrx_word' id='word_1_208' title='bbox 1857 2633 1959 2684; x_wconf 90' lang='lat' dir='ltr'>lus-</span> 
     </span>
     <span class='ocr_line' id='line_1_28' title="bbox 370 2710 1960 2799; baseline -0.007 -16"><span class='ocrx_word' id='word_1_209' title='bbox 370 2710 580 2799; x_wconf 79' lang='lat' dir='ltr'>„ciosus</span> <span class='ocrx_word' id='word_1_210' title='bbox 620 2729 810 2798; x_wconf 88' lang='lat' dir='ltr'>aliquis</span> <span class='ocrx_word' id='word_1_211' title='bbox 851 2728 1018 2782; x_wconf 91' lang='lat' dir='ltr'>oculis</span> <span class='ocrx_word' id='word_1_212' title='bbox 1069 2725 1300 2798; x_wconf 81' lang='lat' dir='ltr'>lippiens</span> <span class='ocrx_word' id='word_1_213' title='bbox 1351 2723 1632 2795; x_wconf 90' lang='lat' dir='ltr'>plurimum</span> <span class='ocrx_word' id='word_1_214' title='bbox 1692 2720 1960 2774; x_wconf 87' lang='lat' dir='ltr'>caecutire</span> 
     </span>
     <span class='ocr_line' id='line_1_29' title="bbox 367 2809 1959 2890; baseline -0.006 -17"><span class='ocrx_word' id='word_1_215' title='bbox 367 2819 588 2890; x_wconf 69' lang='lat' dir='ltr'>„possit</span> <span class='ocrx_word' id='word_1_216' title='bbox 633 2835 796 2888; x_wconf 87' lang='lat' dir='ltr'>quare</span> <span class='ocrx_word' id='word_1_217' title='bbox 826 2817 869 2871; x_wconf 87' lang='lat' dir='ltr'>si</span> <span class='ocrx_word' id='word_1_218' title='bbox 899 2816 1025 2884; x_wconf 90' lang='lat' dir='ltr'>quid</span> <span class='ocrx_word' id='word_1_219' title='bbox 1052 2815 1312 2882; x_wconf 90' lang='lat' dir='ltr'>reliquum</span> <span class='ocrx_word' id='word_1_220' title='bbox 1353 2817 1434 2867; x_wconf 91' lang='lat' dir='ltr'>est</span> <span class='ocrx_word' id='word_1_221' title='bbox 1473 2816 1526 2865; x_wconf 91' lang='lat' dir='ltr'>et</span> <span class='ocrx_word' id='word_1_222' title='bbox 1563 2828 1596 2863; x_wconf 89' lang='lat' dir='ltr'>a</span> <span class='ocrx_word' id='word_1_223' title='bbox 1627 2809 1780 2864; x_wconf 89' lang='lat' dir='ltr'>nobis</span> <span class='ocrx_word' id='word_1_224' title='bbox 1807 2826 1959 2881; x_wconf 89' lang='lat' dir='ltr'>prae-</span> 
     </span>
     <span class='ocr_line' id='line_1_30' title="bbox 366 2897 1958 2983; baseline -0.009 -20"><span class='ocrx_word' id='word_1_225' title='bbox 366 2909 717 2983; x_wconf 87' lang='lat' dir='ltr'>,‚termissum,</span> <span class='ocrx_word' id='word_1_226' title='bbox 761 2908 850 2961; x_wconf 87' lang='lat' dir='ltr'>alii</span> <span class='ocrx_word' id='word_1_227' title='bbox 891 2907 980 2977; x_wconf 89' lang='lat' dir='ltr'>qui</span> <span class='ocrx_word' id='word_1_228' title='bbox 1029 2903 1301 2972; x_wconf 87' lang='lat' dir='ltr'>vegetiore</span> <span class='ocrx_word' id='word_1_229' title='bbox 1329 2907 1449 2956; x_wconf 88' lang='lat' dir='ltr'>sunt</span> <span class='ocrx_word' id='word_1_230' title='bbox 1486 2900 1701 2968; x_wconf 88' lang='lat' dir='ltr'>ingenio</span> <span class='ocrx_word' id='word_1_231' title='bbox 1741 2897 1798 2951; x_wconf 89' lang='lat' dir='ltr'>id</span> <span class='ocrx_word' id='word_1_232' title='bbox 1836 2914 1958 2972; x_wconf 87' lang='lat' dir='ltr'>sup-</span> 
     </span>
    </p>
   </div>
  </div>
 </body>
</html>
