2098 3470
357 302 426 357 76
873 300 972 348 Lib.
1006 304 1083 350 IV.
1126 303 1404 349 pandectes.

357 443 505 498 cinos
548 460 615 497 ex
652 442 766 496 iure
804 441 1063 495 terentino
1098 441 1287 504 farsos,
1330 445 1509 494 coctos
1540 442 1798 508 concisos,
1827 443 1947 496 isci-

355 535 487 572 nera
537 518 816 589 pullorum,
870 518 1064 587 pulpas
1115 516 1278 587 piscis
1331 518 1486 570 aselli
1536 517 1691 584 fricti,
1750 518 1951 571 urticas

357 592 609 659 marinaS,
649 593 844 662 pulpas
879 591 1223 644 hostreorum.
1270 607 1456 644 caseos
1488 598 1749 645 recentes.
1793 593 1948 645 alter-

354 666 438 720 nis
478 682 751 736 conpones
804 665 1023 718 nucleos
1074 669 1125 717 et
1175 665 1330 735 piper
1366 665 1630 732 integrum
1670 682 1945 736 asparges.

355 739 436 794 ius
489 741 597 793 tale
648 738 969 810 perfundes:
1023 738 1195 808 piper,
1249 739 1549 806 ligisticum,
1606 741 1694 810 api
1749 757 1946 803 semen,

356 813 472 866 silfi.
517 830 731 880 coques.
775 817 830 865 at
868 813 956 865 ubi
998 817 1149 866 cocta
1187 812 1360 880 fuerit,
1413 814 1607 867 lactem
1649 814 1812 878 colas,
1867 813 1949 866 cui

357 887 522 941 cruda
576 904 678 940 ova
718 886 1029 953 conmisceS,
1084 891 1140 939 ut
1178 903 1339 939 unum
1382 904 1573 959 corpus
1611 887 1718 940 fiat.
1775 892 1827 940 et
1866 902 1947 939 su-

354 978 454 1031 per
490 961 584 1014 illa
624 961 801 1014 omnia
839 960 1146 1031 perfundes,
1174 977 1291 1013 cum
1327 966 1481 1014 cocta
1511 961 1685 1028 fuerit,
1729 960 1949 1026 echinos

354 1035 695 1090 recentiores,
736 1035 890 1105 piper
930 1034 1177 1105 aspargis
1219 1039 1271 1088 et
1307 1034 1521 1089 inferes.

470 1110 950 1162 134.*Patinam
990 1109 1388 1178 apicianam
1415 1109 1491 1163 sic
1518 1109 1714 1162 facies:
1756 1108 1952 1164 frustra

356 1183 573 1237 suminis
614 1184 767 1249 cocti,
808 1183 1003 1254 pulpas
1041 1182 1282 1252 piscium,
1336 1184 1529 1255 pulpas

353 1258 436 1311 las
474 1259 562 1311 vel
599 1262 822 1329 pectora
860 1256 1130 1309 turdorum
1172 1262 1326 1310 cocta
1375 1263 1427 1312 et
1466 1274 1499 1326 q

357 1406 466 1460 napi
509 1404 612 1449 Col.
654 1406 724 1456 12,
765 1404 835 1455 57,
879 1405 920 1449 2.
963 1405 1110 1450 imber

359 1469 431 1511 est
463 1477 586 1519 aqua
617 1464 840 1509 imbrialis
883 1477 917 1508 8.
954 1465 1110 1509 cister-

357 1525 467 1568 nina
497 1524 568 1567 45.
613 1525 880 1580 priusquam
914 1524 1111 1568 edantur

359 1595 482 1640 aqua
514 1583 668 1628 calida
686 1582 989 1627 macerandos
1009 1597 1110 1628 esse

357 1646 558 1693 constat,
591 1656 649 1688 ne
679 1643 984 1687 ventriculum
1017 1643 1110 1687 lae-

357 1703 482 1746 dant.
528 1727 587 1734 —-
629 1703 901 1747 mediana
941 1703 1109 1753 media,

358 1762 593 1806 dimidiam
627 1767 822 1817 partem.
871 1786 924 1793 „-
976 1762 1108 1806 olus

357 1821 544 1865 molle
577 1821 1107 1877 97.-etJ‘urecodd.

359 1878 415 1924 cf.
449 1880 510 1924 ad
544 1879 613 1923 54.
650 1905 703 1910 —-
750 1884 1017 1935 carptum
1058 1884 1111 1924 ut

358 1940 457 1983 251.
492 1940 654 1994 scripsi
674 1953 757 1994 pro
790 1944 1032 1995 raptum.
1054 1965 1109 1972 —-

359 1999 599 2042 lucania
641 1998 851 2042 lucanica
893 1999 1024 2042 isicia
1073 2012 1106 2043 8.

361 2056 424 2101 fai
436 2058 615 2102 cimina.
664 2058 730 2102 sic
786 2058 999 2101 numidus
1038 2062 1110 2102 est

356 2118 615 2161 numidicus
647 2117 748 2160 242.
775 2118 937 2161 medus
968 2118 1111 2161 medi-

358 2190 452 2228 cus,
498 2175 685 2221 colchus
729 2176 980 2221 colchicus.
1023 2177 1110 2220 ita-

358 2236 431 2279 lus
465 2236 667 2286 italicus,
715 2236 877 2293 illyrus
915 2236 1108 2291 illyrius,

356 2295 528 2339 arabus
560 2295 772 2339 arabicus
804 2308 878 2349 ap.
901 2294 1017 2338 Plin.
1036 2295 1108 2345 36,

358 2354 455 2398 153.
494 2354 671 2409 Gargil.
699 2368 778 2397 cur
807 2354 948 2397 boum
981 2358 1017 2406 ξ.
1037 2354 1104 2396 23.

359 2412 418 2457 cf.
467 2413 606 2457 Fabri
649 2413 710 2456 ad
764 2414 862 2456 Liv.
921 2413 992 2463 21,
1035 2413 1106 2463 53,

357 2473 425 2515 11.
460 2471 698 2517 Weichert
729 2472 790 2514 ad
822 2472 1005 2515 Poetar.
1026 2471 1107 2515 lat.

356 2531 485 2586 reliq.
536 2545 579 2586 p.
641 2531 744 2574 322.
792 2535 889 2576 not.
947 2530 1109 2586 Reisig

356 2589 511 2634 Schol.
547 2589 623 2635 Gr.
658 2589 738 2632 lat.
773 2593 810 2641 ξ.
835 2589 931 2632 109.
951 2589 1107 2631 malim

355 2653 511 2693 tamen
542 2648 853 2692 lucanicas
887 2647 984 2691 194.
1005 2648 1104 2690 207.

356 2708 457 2751 181.
505 2707 574 2750 56.
622 2710 812 2750 mutes
861 2720 975 2750 corr.
1019 2719 1104 2761 pro

352 2766 563 2810 mittes
620 2766 719 2809 116.
767 2764 1105 2820 longaones

353 2825 489 2868 codd.
524 2825 904 2880 longanones
937 2824 1009 2867 ed.
1035 2836 1105 2879 pr.

351 2884 407 2926 H.
441 2883 584 2939 longa
614 2883 848 2934 intestina,
896 2882 1103 2937 Ducang.

355 2941 508 2988 Gloss.
544 2941 622 2986 IV.
657 2955 703 2997 p.
739 2941 835 2985 146.
872 2941 1013 2988 Orelli
1043 2941 1105 2986 ad

1607 1183 1717 1252 ulli,
1770 1183 1951 1238 ficetu-

1575 1274 1816 1327 ecunque
1859 1274 1951 1329 op-

1201 1405 1382 1450 Arnob.
1429 1406 1468 1456 7,
1510 1406 1568 1451 24
1607 1419 1651 1460 p.
1695 1406 1795 1449 422.
1837 1406 1950 1450 Diez

1201 1467 1311 1510 Lex.
1346 1466 1390 1509 d.
1423 1478 1538 1509 rom.
1571 1478 1660 1521 spr.
1704 1466 1804 1510 507.
1850 1466 1950 1509 508.

1202 1529 1419 1570 terent.
1462 1529 1509 1568 et
1550 1528 1768 1569 tarent.
1814 1525 1950 1569 codd.

1202 1589 1250 1628 et
1284 1585 1380 1628 172.
1417 1584 1513 1627 173.
1550 1583 1604 1627 cf.
1631 1584 1747 1628 illud
1779 1584 1952 1639 apode-

1201 1644 1347 1687 rinum
1367 1643 1437 1687 53.
1472 1669 1525 1673 —
1558 1644 1736 1687 aselli
1769 1643 1948 1690 om.ed.

1201 1717 1270 1758 pr.
1306 1728 1359 1732 —
1395 1716 1451 1747 ex
1488 1702 1508 1749 ζ
1541 1703 1696 1747 malim
1730 1701 1950 1747 frictas

1203 1761 1259 1806 cf.
1311 1763 1406 1805 135.
1455 1761 1835 1806 hostreorum
1895 1775 1953 1806 ex

1199 1824 1265 1873 βθ
1302 1834 1387 1876 pro
1430 1825 1571 1865 ostr.
1620 1823 1689 1865 12.
1737 1820 1951 1876 pulpas

1202 1893 1360 1924 carnes
1433 1879 1600 1924 molles
1677 1879 1950 1936 sphondylis

1201 1940 1384 1991 demtis,
1401 1940 1731 1994 mantellappe,
1755 1952 1845 1996 qua
1861 1952 1952 1983 una

1200 2004 1334 2055 parte
1367 1998 1520 2042 adhuc
1540 2004 1791 2043 vescuntur
1807 1999 1951 2043 homi-

1199 2055 1280 2102 nes
1322 2058 1515 2112 subtilis¹
1549 2058 1709 2113 palati,
1754 2059 1850 2101 151.
1894 2057 1950 2101 cf.

1202 2118 1317 2161 Plin.
1337 2118 1409 2167 32,
1429 2118 1498 2161 61.
1534 2118 1636 2161 coll.
1658 2118 1788 2161 Mart.
1820 2118 1859 2168 7,
1879 2118 1950 2168 20,

1203 2177 1331 2219 7.—
1375 2180 1435 2219 at
1476 2174 1628 2230 yc5ad
1669 2177 1952 2226 stacam

1200 2235 1630 2291 vulga—laced.
1666 2249 1731 2289 pr.
1762 2235 1816 2278 H.
1836 2235 1949 2278 lac-

1200 2299 1260 2338 te
1295 2295 1324 2341 ζ.
1360 2293 1453 2337 lac
1585 2294 1748 2338 colas
1781 2292 1807 2333 ὃ
1848 2307 1948 2337 cum

1200 2354 1380 2397 lacuna.
1415 2351 1606 2397 fuerit
1640 2366 1696 2397 ex
1721 2357 1776 2406 βγ
1792 2353 1862 2396 ed.
1881 2367 1947 2408 pr.

1198 2426 1283 2468 pro
1316 2411 1556 2455 fuerint.
1578 2437 1632 2443 —
1663 2411 1875 2455 echino
1902 2416 1949 2455 et

1200 2471 1408 2516 ethino
1443 2471 1578 2514 codd.
1613 2472 1787 2515 urticae
1815 2471 1948 2514 desu-

1198 2543 1284 2586 per
1316 2533 1654 2583 componuntur
1686 2531 1784 2573 132.

1287 2589 1349 2631 ad
1383 2588 1480 2631 134.
1515 2587 1714 2632 frusta
1747 2588 1859 2635 Ced.
1878 2601 1945 2642 pr.

1196 2647 1252 2690 H.
1301 2648 1369 2690 63.
1421 2647 1478 2690 de
1525 2647 1701 2690 sumine
1743 2646 1805 2689 ad
1847 2646 1945 2688 261.

1198 2718 1309 2749 ova
1347 2704 1535 2761 frangis.
1579 2731 1632 2735 —
1674 2705 1741 2748 ad
1773 2704 1872 2748 ubi
1902 2709 1945 2755 β.

1198 2765 1298 2808 133.
1345 2764 1580 2808 levabis
1626 2763 1685 2807 ab
1733 2763 1852 2819 igne.
1887 2788 1946 2794 --

1196 2823 1262 2867 sic
1279 2836 1394 2866 corr.
1418 2836 1503 2877 pro
1527 2821 1805 2867 refundes
1826 2835 1945 2865 cum

1195 2881 1315 2936 pip.
1348 2893 1543 2935 grana.
1579 2881 1639 2924 ad
1675 2895 1742 2936 „p.
1771 2882 1942 2936 grana“

1196 2940 1359 2998 supple
1410 2940 1595 2993 „mitte“
1642 2939 1699 2983 54
1753 2952 1786 2983 8.
1840 2938 1945 2993 „ad-
