2098 3470
625 326 723 375 Lib.
757 327 813 374 V.
878 326 1119 385 Tropetes.

1636 324 1738 377 119

157 468 264 517 tam
290 464 475 517 mirtae
503 465 666 518 bacas
692 463 777 516 vel
804 479 958 515 uvam
987 477 1220 530 passam,
1249 458 1369 525 mel,
1398 458 1591 523 vinum,
1621 472 1739 511 ace·

156 545 282 604 tum,
323 539 603 605 liquamen,
646 539 835 591 oleum.
878 535 1039 588 uteris
1078 533 1290 601 frigido.

271 615 393 665 221.
437 613 718 666 Perdicem
760 628 877 664 cum
917 611 1099 677 pluma
1138 625 1234 660 sua.
1276 608 1460 671 'elixas‘
1501 604 1574 658 ibi
1601 621 1739 658 ema-

156 687 423 745 defactam
466 686 743 757 depilabis
786 684 1052 754 perduces
1081 688 1296 736 coctura
1325 680 1519 733 occisa.
1548 678 1741 747 perdix

155 767 332 832 potest
372 778 438 814 ex
477 761 589 814 iure
632 759 800 828 coqui.
842 776 949 811 non
988 757 1306 811 indurescat.
1351 755 1393 809 si
1416 755 1603 807 iterum
1639 753 1740 808 fcr-

155 836 339 900 vucrit‚
384 836 524 888 elixa
565 835 721 903 coqui
762 834 938 887 debet.

270 911 392 962 222.
435 910 508 961 In
549 908 842 980 perdice
885 913 949 962 et
989 910 1336 972 attagena
1377 909 1442 957 et
1493 903 1546 955 in
1598 907 1740 954 tur-

153 988 332 1038 ture:
376 984 543 1054 piper,
586 983 887 1050 ligisticum,
929 986 1177 1044 mentam,
1233 983 1383 1032 rutae
1432 994 1633 1044 semen,
1684 976 1741 1030 li-

155 1074 398 1126 quamen,
443 1074 641 1111 merum
684 1062 736 1110 et
777 1057 965 1110 oleum.
1011 1053 1315 1109 calefacies·

241 1205 301 1250 ad
335 1206 435 1249 221.
470 1206 537 1249 sic
566 1205 724 1261 paucis
758 1212 904 1249 muta-

153 1266 213 1309 tis
247 1266 290 1309 in
327 1271 505 1321 septem
540 1264 678 1308 libris.
714 1264 799 1309 ibi
828 1264 904 1308 de-

152 1326 259 1370 inde
304 1325 403 1369 206.
448 1324 486 1368 si
526 1324 758 1380 displicet,
801 1324 904 1379 lege

153 1385 316 1429 elixa
348 1385 394 1428 si
431 1385 530 1434 vis,
564 1384 704 1427 mad.
734 1409 783 1413 —--
819 1383 903 1427 ibi

153 1450 210 1488 et
243 1445 385 1488 mad.
422 1444 556 1487 codd.
593 1457 692 1487 cum
714 1443 904 1487 difficile

152 1505 212 1547 sit
253 1503 381 1546 dictu
415 1503 523 1558 quid
566 1516 734 1553 verum,
778 1503 903 1545 varie

153 1563 413 1614 emendare,
451 1564 575 1605 varie
609 1562 904 1617 interpretari

154 1623 275 1665 licet.
323 1645 380 1652 —
416 1621 750 1677 „depilabis
783 1621 903 1676 pilos

157 1681 288 1737 quasi
322 1679 551 1725 detrahes.
597 1682 787 1725 restitue
821 1682 903 1724 Pe-

154 1741 343 1795 lagonio
389 1741 428 1783 6.
473 1753 514 1795 p.
564 1740 633 1783 34.
669 1754 752 1795 pro
801 1740 904 1792 „dc-

154 1800 347 1855 Spioas“.
382 1800 448 1844 Sic
481 1798 681 1840 ἕκπιλοῦν
699 1804 745 1843 et
774 1798 904 1854 ἔκτρι-

150 1862 268 1914 χοῦν
319 1865 390 1902 est
450 1871 625 1914 pennas
690 1859 903 1903 evellere.

153 1919 266 1961 Diez
302 1919 406 1962 Lex.
430 1918 471 1961 d.
497 1932 608 1961 rom.
629 1931 717 1973 spr.
738 1933 782 1973 p.
802 1919 904 1961 357.

154 1977 252 2020 264.
301 2003 353 2008 —-
405 1983 651 2021 coctura
699 1978 906 2021 occisa

157 2037 366 2087 occidua,
417 2043 614 2087 mortua,
664 2037 905 2087 exstincta,

157 2095 340 2139 flamma
361 2110 451 2140 non
470 2096 646 2147 vivace,
681 2097 807 2152 ligno
831 2110 906 2140 ex-

158 2162 281 2199 emto
326 2156 441 2199 Plin.
487 2156 558 2205 24,
605 2158 700 2198 125.
746 2169 802 2199 ne
841 2156 906 2198 in-

155 2215 383 2258 durescat.
442 2215 736 2270 perduces
801 2229 905 2259 con-

157 2269 300 2325 ficies,
318 2274 535 2318 absolves
551 2288 663 2318 corr.
686 2288 769 2330 pro
788 2288 816 2329 p
829 2289 852 2318 e
867 2288 905 2316 r-

156 2333 336 2385 dices‚
369 2334 414 2376 in
449 2347 539 2377 uno
572 2346 667 2388 par.
703 2334 906 2389 perdi-

155 2405 285 2434 cem.
335 2418 385 2422 —
436 2406 501 2436 ex
563 2394 691 2436 iure
753 2394 906 2436 iuste?

155 2451 216 2493 ad
249 2450 319 2494 54.
364 2477 419 2482 —
463 2452 674 2495 iterum
720 2466 776 2496 ex
808 2465 903 2506 par.

155 2523 239 2564 pro
286 2510 510 2553 dierum
554 2511 608 2553 cf.
653 2511 721 2553 67.
765 2511 905 2554 semel

155 2569 223 2611 65.
272 2594 324 2599 —
378 2569 539 2612 elixa
582 2569 620 2612 si
668 2574 740 2613 est
782 2584 906 2625 „pei-2

159 2628 236 2670 dix
270 2628 486 2679 elixata“‚
522 2627 785 2671 conferatur
803 2630 902 2671 267.

154 2686 383 2730 elixantur
402 2693 671 2743 coquuntur.
694 2688 793 2730 386.
825 2688 904 2731 eli-

151 2758 234 2788 xas
284 2751 333 2789 ut
377 2753 615 2802 coquatur.
661 2747 758 2789 289.
803 2760 904 2802 per-

154 2805 348 2848 elixabis
382 2811 433 2848 ut
462 2806 598 2861 coqui
625 2806 786 2860 possit.
823 2806 906 2850 sed

153 2864 281 2907 aliud
323 2864 470 2908 latere
513 2865 708 2921 Yidetiir.
751 2865 904 2908 inveni

154 2923 202 2965 si
256 2936 439 2966 serum
488 2922 689 2972 fuerit,
734 2924 906 2967 elixa

155 2995 200 3028 c.
236 2982 288 3028 d.
323 2982 362 3028 si
379 2982 647 3035 induruerit,
677 2983 792 3029 dura
810 2982 905 3029 fue-

996 1205 1070 1251 rit.
1104 1202 1307 1246 lixivium
1327 1199 1639 1244 adhibendum
1658 1205 1744 1250 est,

997 1276 1115 1319 quae
1149 1262 1242 1306 lixa
1275 1261 1335 1305 sit
1366 1259 1604 1304 Plutarchi
1635 1260 1687 1303 T.
1718 1260 1745 1303 8

997 1337 1039 1378 p.
1076 1321 1173 1366 784.
1207 1322 1261 1365 R.
1311 1326 1468 1375 νίτρον,
1503 1319 1742 1376 pottasch—

996 1382 1135 1437 lange
1196 1381 1273 1434 (ad
1331 1380 1469 1436 Garg.
1519 1379 1649 1423 Mart.
1699 1392 1742 1434 p.

995 1442 1085 1494 41.)
1120 1455 1211 1497 quo
1246 1441 1413 1484 Noster
1455 1440 1551 1482 191.
1596 1445 1745 1483 casta-

996 1514 1108 1545 neas
1142 1501 1277 1556 coqui
1319 1499 1463 1549 iubet,
1504 1498 1583 1541 alii
1617 1498 1745 1554 legu-

996 1561 1129 1603 mina.
1186 1573 1304 1603 nunc
1361 1559 1515 1602 malim
1573 1558 1745 1607 alica,

996 1619 1120 1675 quod
1152 1620 1307 1674 plures
1325 1619 1415 1663 loci
1433 1617 1631 1662 suadent
1644 1619 1742 1660 212.

993 1679 1096 1722 248.
1143 1680 1242 1722 252.
1292 1677 1414 1722 forte
1462 1677 1634 1730 „elixa“
1682 1683 1745 1720 te=

994 1738 1147 1782 nenda
1179 1743 1225 1782 et
1269 1738 1439 1789 „alica“
1486 1736 1746 1792 supplenda

996 1803 1079 1841 est.
1131 1796 1187 1841 cf.
1232 1798 1302 1840 42.
1348 1797 1449 1840 303.
1494 1803 1541 1840 et
1580 1796 1747 1839 suadet

995 1857 1193 1901 Martial.
1229 1859 1269 1907 2,
1287 1858 1358 1907 37,
1388 1857 1425 1898 6-
1465 1856 1745 1907 „stillantem

997 1916 1117 1959 alica
1179 1929 1263 1960 sua
1325 1915 1633 1971 palumbum“.
1692 1941 1743 1946 —

997 1975 1151 2031 magni
1185 1976 1403 2019 momenti
1438 1980 1509 2018 est
1537 1974 1744 2018 codicem

995 2049 1091 2090 par.
1118 2035 1595 2090 legereperdicem
1625 2047 1743 2077 cum

996 2095 1195 2150 pluma
1243 2108 1342 2138 sua
1392 2094 1587 2137 elixas
1647 2093 1745 2136 ubi

998 2159 1052 2197 et
1083 2153 1479 2197 madefactam
1521 2153 1746 2208 depila-

996 2213 1087 2256 bis
1150 2213 1447 2268 perdicem
1522 2218 1746 2256 coctam

999 2272 1191 2316 occisa
1242 2272 1450 2328 perdix
1497 2276 1636 2326 post
1683 2284 1745 2315 ex

998 2331 1126 2375 iure
1185 2332 1357 2388 coqui
1416 2345 1528 2374 non
1576 2331 1746 2373 indu-

998 2396 1196 2434 rescat
1231 2397 1289 2434 ut
1322 2391 1369 2434 si
1403 2391 1615 2434 iteruin
1640 2388 1746 2434 fer-

997 2450 1202 2493 buerit
1258 2451 1307 2493 si
1366 2450 1513 2492 dura
1562 2448 1747 2493 fuerit

998 2509 1154 2553 elixa
1185 2509 1357 2565 coqui
1382 2509 1574 2552 debet.
1621 2508 1747 2564 quod

997 2569 1035 2611 si
1068 2568 1230 2612 scribis
1255 2568 1327 2612 vel
1345 2568 1534 2623 supples
1556 2568 1747 2620 „alica“,

996 2628 1093 2671 eius
1143 2628 1317 2671 codicis
1370 2628 1536 2679 „dnra“
1588 2632 1748 2683 potest

994 2686 1204 2743 intellegi
1264 2687 1405 2730 cruda
1463 2686 1597 2737 alica,
1655 2700 1745 2730 non

996 2746 1182 2797 elixam,
1226 2747 1264 2788 si
1307 2753 1436 2790 tenes
1485 2745 1658 2799 „elixa“
1704 2757 1748 2789 et

997 2804 1179 2849 confers
1236 2805 1446 2849 similiter
1501 2805 1628 2848 dicta
1673 2806 1745 2848 51.

996 2864 1095 2906 218.
1130 2865 1216 2907 359
1274 2866 1371 2907 372.
1420 2876 1474 2908 ea
1507 2864 1650 2908 verba
1681 2864 1746 2907 in-

998 2925 1266 2977 terpreteris
1304 2924 1367 2975 „si
1389 2923 1531 2966 habes
1555 2923 1743 2966 duram“

997 2983 1023 3028 i.
1060 2996 1098 3029 e.
1142 2983 1256 3029 illud
1304 2983 1510 3029 Arabum
1550 2981 1746 3030 frumen-
