2098 3470
380 275 484 330 166

899 277 999 322 Lib.
1018 277 1138 322 VIII.
1188 279 1430 336 Tetrapus.

487 418 611 470 364.
678 414 905 468 Aedus
946 411 1098 468 sive
1138 433 1355 483 agnus
1408 414 1852 484 siringianus
1892 415 1959 472 id

375 496 479 544 661
516 506 880 543 mammoco
901 485 1061 540 etis:
1105 496 1382 544 exossatur
1416 491 1714 558 diligenter,
1756 511 1789 544 a
1816 493 1958 560 gula,

373 565 450 618 sic
492 571 547 617 ut
584 570 701 618 uter
738 563 830 616 fiat
870 567 922 615 et
959 560 1209 617 intestina
1250 565 1297 618 ei
1323 566 1534 632 integra
1575 566 1959 631 exinaniantur,

371 639 446 692 ita
485 644 540 691 ut
578 639 633 691 in
675 643 833 708 caput
870 637 924 689 in
963 634 1212 691 intestina
1252 640 1491 693 suffletur
1532 644 1583 693 et
1622 657 1718 708 per
1742 641 1959 693 novissi-

371 730 513 765 mam
554 717 758 782 partem
798 717 1000 765 stercus
1037 713 1406 766 exinanibitur.
1449 730 1588 779 aqua
1616 715 1857 766 lavantur
1886 714 1959 766 di-

371 787 615 853 ligenter.
671 791 724 840 61
762 786 838 839 616
876 783 1144 854 inplentur
1184 787 1421 840 admixto
1474 787 1760 853 liquamine
1803 793 1853 841 et
1894 789 1960 840 ob

370 877 581 914 umores
623 860 891 914 consuitur
931 865 983 914 et
1022 860 1236 912 mittitur
1276 861 1330 913 in
1372 862 1649 915 clibanum.
1695 879 1810 914 cum
1844 879 1959 916 606-

369 939 452 987 1116
491 934 665 1001 fuerit,
707 933 1041 1002 perfunditur
1078 934 1159 987 ius
1199 936 1453 989 bulliens:
1503 936 1641 989 lacte
1681 936 1835 1005 piper
1874 938 1954 987 tri-

369 1013 496 1075 tum,
548 1008 832 1076 liquamen,
876 1025 1178 1075 caroenum,
1230 1009 1508 1063 defrictum
1548 1009 1831 1077 modicum,
1885 1009 1961 1064 sic

370 1154 528 1196 geng
550 1146 592 1193 β.
626 1141 775 1198 ginz.
797 1139 867 1184 ed.
887 1154 953 1195 pr.
974 1141 1122 1197 zing.

372 1201 427 1245 H.
465 1202 523 1244 ad
559 1202 630 1245 29.
665 1227 719 1233 -
753 1199 984 1244 modice
1017 1204 1093 1251 βπ.

463 1260 525 1303 ad
556 1259 658 1304 364.
722 1259 1126 1315 syringladus

374 1320 449 1363 id.
484 1322 533 1363 θ’.
560 1319 1026 1371 mamotestis(-
1048 1332 1127 1362 ce-

373 1378 489 1423 stis
520 1379 561 1432 γ)
606 1378 741 1423 codd.
793 1378 875 1421 sed
907 1378 1008 1422 365.
1047 1379 1126 1421 si-

370 1438 708 1494 ringiatus.
774 1436 942 1481 delirat
990 1438 1123 1481 Hum.

372 1497 448 1550 qui
501 1496 633 1553 „lege
681 1496 1049 1554 syringatus,
1097 1509 1126 1540 a

371 1554 528 1600 fistula
561 1568 679 1612 quae
712 1555 853 1611 σύριγξ
870 1568 1039 1611 graece
1058 1556 1125 1599 di-

373 1616 505 1666 611111,
551 1628 670 1670 quae
711 1628 822 1659 vero
871 1619 1125 1670 sequuntur

370 1674 517 1719 verba
558 1674 910 1730 interpretativa
953 1688 1123 1729 expun-

371 1734 526 1790 genda
544 1736 823 1778 censemus“.
859 1733 937 1777 isti
964 1734 1122 1788 itaque

376 1797 448 1837 est
490 1793 535 1836 in
579 1793 766 1837 modum
809 1793 1008 1849 syringis
1043 1806 1126 1836 seu

372 1848 559 1896 fistulae
605 1856 872 1902 excavatus,
905 1852 1028 1895 intus
1060 1851 1124 1894 in-

372 1912 472 1955 anis
515 1910 680 1962 factus,
738 1915 790 1954 111
835 1910 1013 1954 haedus
1060 1911 1126 1954 sic

374 1971 556 2014 dicatur
589 1971 716 2015 cuius
749 1970 969 2013 intestina
1002 1970 1124 2013 omni

372 2031 541 2074 emissa
572 2029 703 2074 faece
736 2035 783 2073 et
815 2041 963 2072 vacua
996 2027 1122 2072 facta

371 2089 477 2140 sint,
524 2093 577 2133 ut
620 2088 925 2132 condimentis
970 2087 1124 2131 farciri

371 2148 567 2203 possint,
611 2148 775 2204 quibus
814 2151 984 2202 postea
1018 2161 1124 2191 cono

372 2207 491 2251 sutis
524 2207 705 2262 integer
738 2210 976 2261 coquatur.
1021 2220 1124 2261 par-

370 2271 464 2309 tem
540 2267 634 2310 veri
696 2266 815 2309 vidit.
893 2263 1122 2310 Dufresne

373 2324 526 2369 Gloss.
570 2324 615 2369 in
658 2324 999 2368 mammocestis
1042 2325 1120 2368 IV.

370 2397 416 2439 p.
462 2383 563 2428 214.
610 2383 977 2435 „mammocestis
1021 2397 1122 2438 per-

370 2455 544 2497 peram,
577 2443 623 2485 ni
649 2442 800 2493 fallor,
832 2455 916 2497 pro
948 2442 1122 2494 μαμμὸ-

372 2504 572 2555 θρεπτος.
592 2502 669 2557 qui
686 2501 844 2545 adhuc
864 2501 937 2543 lac
953 2502 1121 2556 sugit“.

370 2565 421 2603 at
452 2574 562 2604 vero
596 2575 687 2605 non
721 2565 792 2604 661
819 2560 857 2603 16
878 2560 1122 2611 ὕπομάζιος,

374 2619 638 2666 ὑποτίτθιος,
671 2620 754 2663 6611
788 2633 923 2674 quem
954 2619 1122 2673 vulgus

367 2678 532 2721 ‘matris
564 2674 707 2722 filium
742 2678 965 2733 appellat,
1010 2678 1122 2722 ado-

373 2737 550 2780 lescens
595 2737 845 2782 delicatius
883 2737 1123 2788 educatus,

371 2796 664 2840 effeminatus
682 2809 738 2839 ac
754 2796 919 2840 mollis.
954 2807 1124 2851 agnum

372 2854 584 2910 intellegi
627 2855 706 2910 qui
737 2854 889 2899 adhuc
920 2867 948 2897 a
979 2856 1125 2910 syrin:

372 2913 508 2973 gibus
542 2919 626 2969 est,
672 2927 841 2958 cannas
884 2926 1123 2964 mammae,

1216 1142 1289 1185 lac
1321 1142 1460 1197 sugit,
1500 1141 1623 1187 lacte
1655 1155 1781 1186 mero
1814 1142 1962 1197 pasci-

1215 1206 1290 1244 tur
1320 1201 1514 1244 Martial.
1552 1203 1620 1252 13,
1653 1201 1723 1244 41.
1774 1201 1962 1246 dubium

1218 1274 1312 1303 non
1347 1264 1431 1314 est,
1476 1260 1559 1304 sed
1584 1261 1751 1305 dubius
1790 1260 1961 1305 haereo

1215 1324 1367 1363 utrum
1409 1320 1606 1363 scribam
1659 1334 1680 1364 s
1692 1335 1724 1377 y
1735 1320 1825 1363 rin
1839 1320 1934 1375 gia
1946 1345 1962 1352 -

1217 1392 1330 1430 6116,
1366 1391 1423 1422 an
1456 1380 1870 1436 syringnatus‚
1904 1379 1962 1423 de

1218 1450 1308 1492 qua
1350 1436 1498 1482 forma
1535 1452 1680 1493 nuper
1718 1439 1896 1482 monuit
1926 1438 1960 1481 Ι.

1215 1496 1396 1541 Becker
1437 1498 1483 1540 in
1525 1497 1650 1541 Iahn.
1684 1497 1833 1541 Iahrb.
1868 1497 1959 1541 vol.

1217 1557 1285 1600 73.
1310 1570 1355 1611 p.
1373 1557 1474 1600 313.
1507 1558 1546 1600 si
1578 1557 1962 1614 syringianus

1213 1628 1324 1659 vera
1341 1621 1426 1665 est,
1451 1617 1582 1669 quasi
1601 1621 1671 1660 est
1688 1628 1963 1659 mammaea-

1212 1688 1295 1718 nus
1309 1679 1358 1718 61
1373 1675 1532 1719 similis
1550 1676 1617 1718 illi
1629 1674 1962 1730 phaecasianus

1215 1747 1288 1788 ap.
1333 1734 1488 1777 Iuven.
1532 1736 1574 1785 3,
1608 1736 1706 1777 218.
1748 1734 1963 1789 idemque

1215 1789 1479 1848 significans
1523 1794 1648 1848 quod
1691 1806 1961 1837 mammoce-

1214 1853 1274 1896 tis
1320 1857 1615 1905 μαμμοκοίῖης
1661 1866 1742 1897 seu
1789 1851 1961 1905 μαμμό-

1216 1927 1368 1960 κοιτος,
1402 1917 1584 1958 κοιταῖος
1613 1910 1862 1965 ἒπὶμαίμμῃ,
1902 1911 1962 1954 ad

1217 1983 1353 2025 quam
1387 1971 1611 2014 rationem
1644 1977 1750 2014 sunt
1796 1970 1964 2022 ἄκοίτης

1214 2034 1261 2073 et
1292 2029 1459 2079 ἄκοιτις,
1490 2034 1778 2083 χαμαικοίτης,
1817 2045 1960 2081 παρα-

1214 2093 1365 2140 κοίτης,
1409 2093 1687 2143 μητροκοίῒης
1728 2102 1801 2143 ap.
1850 2089 1962 2143 Hip-

1213 2152 1398 2202 ponact.
1423 2148 1468 2191 in
1486 2147 1733 2204 Philologo
1750 2148 1958 2203 Gotting.

1214 2206 1315 2249 VII.
1350 2221 1393 2262 p.
1429 2207 1528 2250 555.
1561 2206 1855 2261 ἅρρενοκοίτης
1886 2220 1959 2261 ap.

1217 2266 1385 2310 Euseb.
1430 2265 1730 2318 ἕμβασικοίτης
1772 2279 1845 2320 ap,
1878 2266 1962 2309 Pe-

1213 2330 1332 2368 tron.
1382 2323 1452 2375 24,
1503 2326 1540 2367 1.
1598 2325 1839 2369 0110606116
1886 2337 1960 2378 ap.

1214 2383 1483 2427 Tertullian.
1540 2384 1726 2439 apolog.
1771 2384 1837 2426 16.
1883 2379 1960 2425 fin.

1215 2442 1319 2486 0011·
1355 2443 1416 2485 ad
1442 2442 1547 2486 Nat.
1575 2444 1613 2492 1,
1641 2444 1705 2485 14.
1742 2441 1961 2490 ἐξώκοιτος

1215 2506 1469 2545 exocoetus
1499 2514 1571 2556 ap.
1594 2502 1710 2546 Plin.
1730 2503 1770 2552 9,
1791 2502 1859 2545 70.
1884 2501 1961 2557 qui

1213 2561 1353 2615 piscis
1396 2560 1441 2603 in
1484 2564 1607 2603 terra
1651 2561 1801 2605 cubat.
1838 2586 1891 2591 —
1935 2573 1962 2602 a

1213 2619 1349 2674 gula
1390 2620 1594 2674 aperitur
1635 2625 1682 2663 et
1724 2623 1962 2663 exentera-

1216 2682 1291 2721 tur
1322 2678 1423 2722 384.
1458 2691 1486 2720 a
1521 2678 1698 2721 cervice
1718 2678 1962 2732 expeditur

1216 2737 1316 2780 254.
1351 2749 1379 2778 a
1410 2736 1567 2792 gilla
1600 2737 1732 2780 codd.
1753 2737 1837 2780 sed
1858 2736 1960 2780 384.

1214 2808 1297 2849 per
1327 2795 1496 2850 gulam.
1529 2795 1642 2839 alibi
1684 2796 1823 2839 etiam
1855 2795 1962 2840 scri-

1216 2854 1341 2898 bitur
1372 2854 1496 2910 gyla.
1534 2880 1586 2884 —
1621 2855 1713 2898 sic
1744 2861 1805 2898 ut
1836 2859 1962 2898 11161

1217 2912 1335 2957 fiat
1367 2927 1423 2957 ex
1456 2913 1528 2957 ed.
1549 2927 1615 2970 pr.
1642 2918 1689 2958 et
1720 2914 1773 2958 H.
1809 2914 1962 2958 sicut
