2098 3470
327 308 396 364 10
999 307 1249 356 Praefatio.

321 446 482 510 atque
524 442 628 497 olei
666 443 1053 513 absumpserim
1080 445 1169 498 vix
1203 462 1394 513 queam
1418 445 1614 514 dicere,
1658 463 1775 502 cum
1802 448 1916 516 plu-

321 531 465 585 rimis
518 532 752 602 undique
804 534 1110 589 vulneribus
1164 535 1444 590 confossus
1500 540 1641 590 esset
1690 536 1917 605 ipsaque

320 620 747 690 interpunctione
789 621 1116 678 deformatus
1157 629 1209 678 et
1247 625 1640 695 pessumdatus.
1694 625 1763 679 de
1806 626 1915 694 qui-

322 711 420 764 bus
461 715 638 765 autem
690 712 821 766 locis
873 713 1212 781 ambigebam
1265 732 1438 783 neque
1479 716 1743 769 sinceram
1783 715 1917 769 veri·

321 803 484 854 tatem
546 817 732 855 eruere
791 801 1024 871 mihique
1085 803 1315 858 eandem
1374 805 1621 859 incudem
1674 805 1918 859 tundenti

321 889 532 957 penitus
591 891 903 946 satisfacere
960 897 1219 961 poteram,
1276 910 1368 948 eos
1428 894 1652 948 aliorum
1710 894 1917 949 iudiciis

322 978 675 1046 pensitandos
712 980 1168 1049 castigandosque
1201 982 1390 1050 reliqui
1436 983 1596 1054 (inter
1636 984 1769 1037 alios
1799 988 1920 1037 sunt

325 1068 373 1122 3.
413 1069 500 1123 40.
543 1070 630 1123 41.
678 1072 797 1124 126.
847 1073 966 1126 135.
1007 1072 1127 1126 151.
1170 1074 1290 1126 160.
1325 1074 1446 1128 179.
1483 1074 1600 1128 187.
1639 1074 1759 1128 188.
1797 1075 1915 1128 189.

324 1158 447 1213 200,
492 1160 615 1214 202.
660 1161 784 1215 206.
829 1162 954 1215 207.
999 1163 1121 1215 211.
1167 1163 1290 1215 221.
1329 1163 1452 1216 236.
1487 1164 1609 1217 239.
1638 1164 1760 1216 245.
1794 1163 1916 1217 248.

325 1249 449 1303 249.
492 1250 616 1304 252.
662 1251 786 1305 255.
830 1252 953 1305 268.
999 1252 1122 1305 271.
1165 1253 1290 1307 287.
1326 1253 1449 1306 294.
1483 1252 1607 1307 295.
1638 1253 1760 1306 303.
1792 1252 1916 1306 359.

324 1339 450 1395 386.
506 1340 630 1395 406.
686 1339 839 1412 442.)
887 1346 1049 1408 utque
1101 1341 1155 1394 in
1206 1358 1412 1395 summa
1452 1341 1626 1395 dicam
1668 1346 1919 1409 quantum

324 1428 447 1484 huic
485 1431 621 1484 libro
678 1431 795 1500 opis
836 1431 1098 1485 attulerim
1154 1431 1242 1499 qui
1283 1431 1514 1485 candida
1553 1437 1730 1485 mente
1771 1435 1823 1484 et
1860 1431 1918 1484 li-

320 1534 451 1573 vore
489 1526 720 1588 purgata
758 1520 931 1589 ipsum
968 1521 1175 1575 curiose
1202 1521 1514 1574 lectitabunt
1555 1525 1606 1574 et
1634 1538 1751 1574 cum
1779 1520 1919 1589 prio-

323 1608 470 1662 ribus
525 1611 917 1679 exemplaribus
971 1610 1248 1664 conferent
1297 1610 1457 1664 facile
1500 1608 1917 1678 deprehendent.

322 1715 391 1751 ex
431 1699 722 1753 lectionum
761 1701 1026 1754 variarum
1068 1701 1319 1768 congerie
1349 1717 1553 1767 cerneS,
1594 1699 1754 1752 homo
1782 1699 1916 1751 litte-

319 1786 602 1856 ratissime,
658 1806 816 1856 quam
867 1790 1090 1858 turpiter
1143 1789 1440 1858 depravata
1479 1789 1549 1842 ad
1591 1806 1689 1843 nos
1728 1804 1916 1858 perve-

317 1878 491 1931 nerint
540 1896 605 1932 ea
653 1885 910 1948 excerpta
960 1880 1227 1948 apiciana,
1280 1884 1477 1946 quanta
1524 1879 1647 1934 ideo
1699 1879 1754 1931 in
1795 1895 1917 1933 con-

320 1969 572 2023 iectando
620 1969 835 2023 licentia
882 1970 1146 2037 indulgeri
1206 1969 1402 2023 debeat
1455 1986 1721 2036 quamque
1774 1968 1920 2021 nulla

318 2075 445 2127 spes
499 2060 678 2112 omnia
731 2059 1038 2127 corrigendi
1086 2059 1361 2126 affulgeat«
1415 2060 1703 2112 nonnullae
1744 2075 1919 2111 emen-

319 2148 566 2203 dationes
606 2154 729 2203 ante
769 2148 940 2218 pedes
982 2154 1146 2216 erant,
1187 2151 1545 2203 nascebantur
1581 2148 1731 2201 citius
1761 2164 1919 2215 quam

320 2239 575 2307 asparagi
615 2244 924 2307 coquuntur,
975 2239 1155 2306 plures
1209 2237 1491 2291 difficulter
1542 2241 1730 2305 partae
1782 2240 1917 2289 sunt.
1986 2228 1993 2234 ’

323 2345 508 2383 omnes
560 2330 708 2382 locos
763 2327 1052 2381 emendare
1092 2327 1231 2380 velle
1282 2331 1362 2379 est
1401 2343 1618 2379 arenam
1657 2325 1827 2379 metiri
1869 2330 1921 2378 et

319 2417 492 2471 undas
531 2435 827 2472 numerare.
870 2417 960 2471 ubi
1000 2433 1168 2484 saepe
1208 2433 1397 2468 saxum
1425 2416 1568 2468 volvi
1596 2416 1920 2481 multumque

320 2507 509 2561 sudavi
551 2513 603 2561 et
631 2508 746 2574 alsi,
790 2507 1033 2561 omnibus
1061 2506 1361 2574 unguiculis
1391 2505 1634 2558 codicum
1661 2503 1920 2557 lectiones

317 2597 478 2651 tenui.
532 2597 587 2650 in
635 2597 830 2650 notulis
882 2596 1014 2650 meis
1066 2596 1307 2649 invenies
1363 2595 1521 2648 etiam
1561 2594 1800 2646 mutilata
1838 2610 1919 2645 ra-

315 2691 496 2741 menta
549 2686 817 2753 quaedam
879 2685 1374 2755 interpretationum
1430 2689 1482 2738 et
1544 2683 1919 2736 annotationes

315 2793 492 2843 neque
544 2776 699 2830 nimis
758 2776 951 2828 multas
999 2791 1174 2842 neque
1226 2774 1381 2827 nimis
1432 2775 1625 2841 longas
1667 2800 1734 2811 ω-
1777 2771 1922 2839 quod

315 2884 424 2921 non
464 2882 598 2936 opus
641 2882 761 2920 esse
803 2882 980 2920 carum
1015 2869 1097 2919 est
1122 2897 1194 2904 —
1229 2865 1418 2932 quibus
1446 2879 1576 2916 vera
1603 2861 1762 2915 lectio
1794 2878 1916 2915 con-

316 2956 559 3012 stituatur
598 2974 631 3009 a
670 2954 878 3009 mendis
918 2958 1224 3023 repurgata,
1280 2953 1579 3020 singulares
1619 2952 1916 3006 locutiones
