2098 3470
297 389 300 391 ,
345 329 450 381 194

894 326 995 371 Lib.
1024 327 1101 370 IX.
1151 326 1365 370 Talassa.

451 461 576 514 436.
620 459 880 513 Convenit
919 464 971 512 et
1008 459 1062 512 in
1102 459 1262 512 sarda
1308 459 1389 512 ius
1431 458 1572 525 quod
1611 459 1663 510 in
1704 459 1921 525 mugile.

451 535 577 587 437.
619 535 733 585 Ius
772 532 837 584 in
877 534 1136 600 mugile
1164 533 1579 602 salso:piper,
1620 532 1923 598 ligisticum,

342 607 605 673 ciminum,
648 623 799 674 cepa,
839 611 973 674 ruta,
1025 607 1198 675 calva,
1253 606 1469 673 cariota,
1523 606 1643 671 mel,
1698 610 1924 671 acetum,

341 697 544 749 senape
584 685 638 734 et
676 681 864 733 oleum.

453 755 580 807 438.
622 753 789 806 Aliter
825 752 907 805 ius
945 753 1002 819 in
1052 752 1250 819 mugile
1304 752 1474 805 salso:
1527 751 1698 819 piper,
1754 751 1926 817 origa-

341 844 482 893 num,
525 844 702 893 eruca,
742 831 937 893 menta,
977 831 1110 893 ruta,
1141 826 1312 892 calva,
1343 826 1558 892 cariota,
1586 826 1708 891 mel,
1739 825 1928 890 oleum,

342 905 551 954 acetum
594 906 646 953 et
684 916 902 970 senape.

454 975 579 1027 439.
639 975 753 1026 Ius
799 973 865 1025 in
918 973 1168 1026 siluro:
1220 972 1288 1024 in
1339 970 1694 1042 pelamide
1749 975 1812 1024 et
1861 970 1930 1022 in

341 1047 534 1100 tinno
575 1047 815 1100 salsis:
856 1047 1026 1114 piper,
1076 1046 1377 1113 ligisticum,
1421 1046 1683 1111 ciminum,
1725 1060 1929 1114 cepam,

342 1127 590 1188 mentam,
631 1125 816 1188 rutam,
859 1121 1082 1188 calvam,
1123 1119 1394 1186 carictam,
1435 1119 1556 1186 mel,
1591 1123 1817 1183 acetum,
1847 1133 1928 1170 se-

343 1212 500 1266 nape,
543 1195 733 1248 oleum.

453 1269 578 1322 440.
619 1270 732 1321 Ius
770 1267 838 1320 in
876 1266 1087 1320 mullo
1127 1266 1385 1319 tarico:
1427 1265 1598 1334 piper,
1628 1269 1814 1331 rutam,
1845 1281 1929 1317 ce-

343 1359 486 1411 pam,
530 1342 799 1408 dactilum,
842 1357 1062 1408 senape,
1115 1339 1234 1392 trito
1289 1340 1588 1406 conmisces-
1636 1338 1824 1393 echino
1879 1343 1931 1391 et

348 1417 468 1471 oleo
511 1421 563 1470 et
601 1416 678 1469 sic
717 1414 1009 1484 perfundes
1047 1413 1251 1482 piscem
1290 1412 1502 1467 frictum
1535 1414 1623 1467 vel
1661 1417 1910 1466 assatum.

345 1591 417 1636 da
468 1591 649 1637 corda
701 1591 900 1643 chorda,
955 1589 1093 1635 sarda

343 1655 453 1707 post
492 1656 674 1707 tempus
716 1651 973 1707 legitimum
1011 1663 1093 1694 seu

343 1724 447 1756 sero
480 1715 606 1762 nata,
637 1711 848 1755 iuvenis?
892 1709 1093 1754 cordu-

343 1769 400 1813 la
441 1767 624 1825 κορδὺλη
675 1774 746 1814 est
787 1768 951 1826 thynni
990 1781 1093 1824 par-

343 1833 418 1873 tus
450 1828 509 1872 ab
541 1828 654 1883 ipsis
687 1828 846 1872 statim
865 1828 981 1879 ovis,
1017 1827 1094 1883 qui

344 1887 512 1932 deinde
544 1899 664 1932 anno
698 1887 859 1943 elapso
892 1886 1094 1944 thynnus

344 1951 550 1998 vocatur,
570 1945 940 2002 thunheuerling.
974 1945 1091 1990 Plin.

343 2006 386 2109 g,
418 2005 489 2108 37.
523 2004 780 2062 Schweigh.
822 2005 884 2049 ad.
915 2003 1092 2049 Athen.

375 2097 386 2119 ‚
451 2066 477 2107 2
509 2065 566 2108 in.

432 2123 494 2167 ad
533 2122 634 2166 436.
700 2123 791 2167 ius
839 2121 992 2178 quod
1037 2121 1093 2164 in

345 2181 568 2238 mugile
600 2182 708 2226 add.
743 2195 799 2227 ex
831 2194 922 2225 uno
954 2193 1050 2236 par.

433 2241 496 2285 ad
521 2240 626 2284 437.
658 2241 833 2285 calva
864 2254 921 2285 ex
955 2239 1090 2284 codd.

344 2313 429 2356 pro
462 2300 661 2344 salvia
703 2301 835 2344 Hum.
870 2300 971 2354 232.
1036 2298 1094 2342 de

344 2358 517 2415 mugile
549 2359 610 2403 ad
644 2360 741 2403 151.
781 2372 838 2403 ex
870 2372 925 2402 eo
959 2357 1095 2401 sumi-

344 2431 444 2462 mus
499 2416 554 2472 ᾠοὶ
620 2417 863 2474 ταριχευταὶ,
924 2420 1093 2472 ταρίχη,

344 2475 516 2521 Athen.
560 2478 603 2527 3,
635 2478 706 2521 92.
752 2489 870 2533 quae
912 2475 1095 2519 hodier-

343 2549 506 2580 norum
523 2535 745 2580 Italorum
759 2536 960 2591 botargo
974 2538 1095 2585 sunt,

345 2595 539 2651 Bergius
572 2594 793 2639 Leckerei
824 2594 879 2638 ΙΙ.
914 2607 957 2649 p.
993 2594 1092 2636 231.

434 2712 496 2756 ad
527 2712 630 2756 438.
665 2711 799 2756 deest
829 2711 875 2754 in
907 2723 1003 2766 par.
1039 2736 1093 2742 -—

346 2776 401 2817 et
432 2783 656 2826 senape
689 2784 778 2815 om.
810 2768 874 2824 γὸ.

435 2830 496 2874 ad
527 2830 629 2874 439.
677 2828 1016 2886 pelampide
1049 2844 1093 2870 π.

345 2889 633 2946 pelapide
664 2889 709 2933 in
741 2902 835 2933 sex.
882 2913 935 2918 -—
979 2887 1092 2932 sal-

346 2950 495 2994 viam
539 2962 633 3006 par.
679 2949 735 2993 H.
768 2948 867 2991 437.
933 2947 1095 3003 pela-

1182 1587 1749 1706 ffggggssgflg’gyggffgg,
1766 1599 1933 1689 afiffi

1182 1709 1387 1753 nondum
1418 1708 1630 1757 excessit,
1668 1705 1783 1748 haut
1813 1705 1934 1748 absi-

1182 1767 1302 1811 milis
1321 1766 1556 1823 cordylae,
1589 1766 1706 1809 Plin.
1721 1765 1763 1815 9,
1776 1764 1846 1806 47.
1860 1763 1931 1807 48.

1183 1827 1254 1878 32,
1291 1826 1387 1868 146.
1422 1824 1594 1868 Athen.
1629 1825 1670 1874 3,
1697 1823 1767 1867 85.
1804 1823 1843 1873 7,
1862 1822 1932 1865 66.

1185 1899 1287 1929 eum
1319 1885 1515 1939 interpp.
1537 1908 1591 1914 —
1624 1882 1852 1927 silurus
1876 1884 1934 1920 σι’-

1184 1946 1336 1999 λουρος
1366 1943 1509 1998 vulgo
1551 1948 1736 1998 putatur
1773 1940 1934 1991 sturio,

1184 2003 1243 2047 ab
1262 2002 1365 2046 aliis
1383 2002 1549 2046 silurus
1567 2000 1717 2057 glanis
1740 2001 1787 2042 L.
1807 1999 1934 2050 wels,

1186 2062 1264 2119 qui
1295 2060 1546 2104 Aristoteli
1578 2060 1683 2103 hist.
1712 2071 1783 2102 an.
1803 2059 1845 2109 9,
1862 2058 1933 2101 37.

1184 2119 1356 2164 Athen.
1394 2120 1433 2170 7,
1470 2120 1564 2163 120.
1609 2118 1726 2162 Plin.
1758 2119 1802 2168 9,
1836 2116 1934 2159 145.

1184 2179 1335 2235 glanis
1379 2178 1560 2229 dicitur,
1608 2177 1667 2221 ab
1715 2176 1818 2219 aliis
1860 2175 1936 2219 vel

1185 2238 1423 2293 acipenser
1461 2235 1822 2285 Guldenstadtii,
1853 2247 1934 2276 no-

1185 2297 1257 2341 bis
1291 2296 1461 2348 esther,
1493 2295 1568 2340 vel
1601 2295 1839 2349 acipenser
1855 2291 1936 2336 hu-

1186 2369 1254 2407 so,
1286 2354 1474 2405 hausen,
1508 2355 1581 2398 vel
1615 2353 1740 2409 quod
1773 2351 1935 2396 Cuvie-

1185 2415 1254 2458 rio
1296 2414 1485 2470 placuit,
1529 2425 1595 2456 ac.
1625 2411 1845 2455 ruthenus
1885 2412 1934 2453 L.

1186 2473 1364 2518 sterlet.
1409 2473 1561 2515 mirari
1604 2484 1664 2515 sc.
1709 2470 1835 2514 subit
1878 2469 1935 2512 de

1185 2532 1466 2587 acipensere,
1501 2545 1601 2575 cum
1623 2531 1670 2573 in
1688 2529 1846 2572 Tiberi
1864 2540 1936 2571 ca-

1185 2595 1374 2646 peretur
1416 2596 1463 2635 et
1495 2590 1541 2633 in
1576 2584 1832 2644 magnificis
1866 2600 1937 2630 ce-

1185 2650 1255 2693 nis
1269 2655 1594 2705 apponeretur,
1613 2652 1820 2691 nostrum
1842 2659 1936 2689 om-

1185 2707 1309 2753 nino'
1328 2714 1496 2753 tacere.

1274 2767 1336 2810 ad
1366 2767 1467 2810 440.
1502 2766 1714 2810 mullus
1746 2777 1839 2807 non
1870 2762 1935 2806 vi—

1187 2826 1322 2871 detur
1362 2826 1585 2870 barbatus
1630 2830 1676 2868 et
1717 2822 1936 2867 surmule-

1186 2891 1276 2937 tus,
1317 2885 1546 2938 rothbart,
1595 2883 1937 2929 schmeerbutte

1190 2946 1286 2989 142.
1324 2945 1420 2989 160.
1459 2946 1557 2991 161.
1591 2944 1692 2987 455.
1729 2943 1809 2987 scd
1843 2955 1936 2985 ma-
