2098 3470
662 349 761 394 Lib.
795 349 850 392 X.
915 347 1079 394 Alieus
1110 347 1304 393 libatus.
1703 347 1805 400 199

326 483 449 536 455.
491 484 604 535 Ius
643 482 709 533 in
747 481 993 533 mullos
1035 497 1265 535 assos:
1294 480 1464 549 piper,
1499 479 1802 546 ligisticum,

216 563 403 624 rutam,
465 558 585 623 mel,
655 555 893 621 nucleOS,
953 559 1179 620 acetum,
1250 554 1446 619 vinum,
1518 553 1803 620 liquamen,

217 632 389 684 oleum
429 630 654 683 modice.
698 627 985 681 calefacies
1028 633 1079 680 et
1116 626 1424 696 perfundes

328 705 452 756 456.
496 704 663 755 Aliter
708 702 789 754 ius
839 702 895 753 in
945 702 1133 753 mullos
1186 717 1367 753 assos:
1422 704 1608 766 rutam,
1661 717 1805 754 men-

216 782 340 843 tam,
400 776 752 841 coriandrum,
805 774 1091 827 feniculum
1144 774 1321 827 omnia
1371 773 1577 840 viridia,
1630 773 1802 842 piper,

216 851 516 918 ligisticum‚
557 850 678 914 mel,
719 849 987 914 liquamen
1031 854 1082 901 et
1122 849 1296 902 oleum
1335 847 1563 901 modice.

327 923 718 976 457.1usiu
757 922 1110 991 pelamide
1151 938 1339 974 assa:
1392 920 1563 992 piper,
1617 920 1802 988 ligisti-

219 1014 354 1064 cum,
410 997 703 1064 origanum,
759 995 1093 1049 coriandrum
1143 994 1329 1061 viride,
1386 1011 1591 1062 cepam,
1646 1010 1805 1047 uvam

218 1087 434 1140 passam
485 1071 834 1135 enucleatam,
888 1074 1114 1136 acetum,
1166 1069 1451 1136 liquamen,
1507 1068 1805 1135 defrictum,

221 1146 395 1198 oleum
435 1149 488 1197 et
526 1160 741 1211 coques,
782 1143 883 1197 hoc
922 1144 1002 1197 ius
1043 1143 1292 1197 convenit
1342 1147 1394 1196 et
1443 1142 1499 1194 in
1551 1142 1708 1196 elixa.
1764 1143 1809 1194 si

219 1219 316 1286 viS,
359 1223 411 1272 et
447 1218 553 1271 mel
593 1216 779 1271 addes,

331 1291 455 1346 458.
499 1293 613 1345 Ius
651 1291 717 1343 in
756 1307 1059 1359 percam:
1110 1291 1281 1362 piper,
1321 1289 1624 1358 ligisticum,
1667 1289 1812 1344 cimi-

221 1383 347 1419 num
385 1366 611 1432 frictum,
655 1381 861 1433 cepam,
910 1381 1083 1433 pruna
1136 1364 1461 1417 damascena
1514 1364 1811 1431 enucleata,

222 1441 416 1507 vinum,
456 1441 698 1505 mulsum,
727 1443 954 1506 acetum,
985 1439 1175 1505 oleum,
1209 1438 1487 1492 defrictum
1517 1443 1569 1492 et
1597 1454 1812 1505 coques,

340 1514 466 1567 459.
521 1515 632 1566 Ius
684 1514 750 1565 in
801 1513 999 1583 pisce
1051 1511 1481 1566 rubellione:
1532 1510 1703 1580 piper,
1754 1512 1812 1564 li-

224 1587 487 1654 gisticum,
529 1603 759 1653 careum,
802 1587 1090 1654 serpillum,
1132 1586 1222 1654 api
1261 1603 1461 1652 semen,
1492 1602 1681 1654 cepam
1712 1586 1813 1639 sic-

225 1679 359 1728 cam,
417 1660 612 1728 vinum,
671 1676 906 1729 passum,
966 1665 1191 1727 acetum,
1264 1660 1549 1727 liquamen,
1618 1660 1811 1713 oleum.

225 1736 400 1788 amolo
442 1734 668 1802 obligas,

336 1810 462 1862 460.
505 1809 617 1861 Ius
655 1808 723 1860 in
763 1823 1042 1860 murena
1082 1823 1269 1860 assa:
1308 1806 1479 1875 piper,
1507 1807 1811 1875 ligisticum,

226 1883 527 1949 satureiam,
579 1882 953 1948 crocomagna,
1009 1898 1214 1949 cepam,
1266 1898 1437 1948 pruna
1489 1881 1814 1936 damascena

228 1957 525 2023 enucleata,
567 1956 761 2022 vinum,
803 1955 1044 2022 mulsum,
1100 1960 1326 2021 acetum,
1381 1955 1664 2024 liquamen,
1720 1955 1813 2009 de-

224 2030 451 2098 frictum,
494 2030 667 2083 oleum
711 2034 763 2082 et
802 2045 1014 2095 coques».

226 2174 412 2213 cornua,
455 2174 573 2218 quae
615 2161 674 2205 ab
707 2160 777 2205 his
808 2174 975 2205 nomen
1067 2159 1126 2205 cf.
1170 2158 1371 2204 Aristot.
1414 2159 1457 2211 4,
1492 2161 1562 2211 11,
1593 2160 1638 2204 4.
1671 2161 1713 2212 6,
1747 2161 1817 2213 12,

225 2221 413 2273 traxit“‚
437 2220 628 2265 balistes
647 2220 818 2272 vetula,
839 2220 975 2264 horn·
1068 2221 1109 2265 1.
1152 2220 1194 2267 8,
1240 2219 1308 2269 15,
1354 2220 1390 2261 1.
1455 2218 1630 2263 Athen.
1674 2221 1713 2271 7,
1746 2221 1818 2265 58.

225 2277 353 2324 fisch.
1068 2278 1263 2334 Oppian.
1298 2277 1388 2321 hal.
1426 2280 1466 2330 1,
1498 2279 1568 2321 97.

316 2338 378 2382 ad
408 2337 509 2381 457.
572 2338 628 2381 in
670 2337 975 2393 pelamide
1157 2336 1218 2380 ad
1248 2336 1349 2381 460.
1413 2350 1670 2389 morena,
1703 2352 1821 2382 mu—

225 2397 329 2442 439.
363 2422 416 2427 —-
451 2401 508 2442 et
538 2397 595 2439 in
628 2410 683 2441 ex
715 2410 814 2453 par.
845 2397 975 2441 exin
1067 2408 1225 2447 rena,
1273 2409 1513 2439 murana
1560 2396 1694 2441 codd.
1761 2396 1820 2441 cf.

227 2461 258 2508 β
302 2462 359 2501 et
388 2455 434 2498 in
466 2455 699 2511 plerisque
732 2457 876 2501 deest.

317 2515 380 2558 ad
401 2514 501 2558 458.
534 2527 711 2569 perca
742 2520 791 2559 et
816 2514 976 2558 fluvia-

228 2574 322 2618 tilis
356 2578 403 2618 et
434 2574 609 2617 marina
642 2574 835 2618 deliciae
854 2587 978 2617 men-

229 2646 381 2678 sarum
415 2637 546 2677 erant
579 2636 625 2676 et
647 2639 762 2684 sunt,
795 2631 975 2677 barsch.

318 2692 379 2736 ad
412 2691 515 2735 459.
557 2692 846 2743 rubellio,
878 2705 978 2748 ery-

228 2751 384 2795 thinus
417 2750 654 2807 ἐρυθρῖνος,
687 2751 825 2806 piscis
843 2751 977 2794 mari—

229 2823 314 2854 nus
356 2824 381 2855 e
412 2823 581 2866 genere
615 2811 874 2861 mullorum,
916 2810 975 2853 ob

229 2869 415 2913 rubrum
459 2870 660 2914 colorem
702 2870 769 2912 ita
813 2869 978 2920 dictus,

230 2940 485 2983 scorpaena
535 2927 705 2979 scrofa,
757 2929 980 2972 Italorum

230 3000 456 3038 rascasso,
475 2987 623 3033 Germ.
645 2985 977 3042 ‹irachenkopfi

1066 2454 1319 2500 Schneider
1351 2455 1506 2499 Gram.
1532 2455 1614 2500 lat.
1635 2458 1658 2499 1
1682 2469 1728 2511 p.
1747 2457 1820 2500 55.

1068 2514 1249 2569 μύραινα
1290 2518 1362 2558 est
1404 2527 1622 2559 muraena
1653 2514 1822 2560 helena

1068 2575 1118 2617 L.
1145 2573 1222 2629 qui
1239 2573 1378 2628 piscis
1396 2573 1685 2630 longitudine
1706 2574 1822 2618 haut

1069 2632 1302 2676 dissimilis
1331 2634 1565 2688 anguillae
1584 2633 1708 2688 apud
1727 2633 1821 2677 Ro-

1068 2704 1230 2735 manos
1254 2691 1299 2734 in
1316 2692 1526 2736 maximis
1545 2692 1723 2736 deliciis
1741 2692 1821 2735 ha·

1067 2748 1278 2795 bebatur.
1308 2750 1483 2805 primae
1502 2755 1637 2795 erant
1657 2752 1821 2792 πλωταὶ

1068 2809 1210 2853 flutae
1255 2822 1373 2865 quae
1415 2811 1461 2853 in
1500 2809 1621 2855 freto
1671 2811 1822 2855 siculo

1069 2871 1115 2911 in
1174 2881 1350 2912 summa
1407 2882 1530 2925 aqua
1587 2869 1823 2915 fluitantes

1071 2928 1384 2983 capiebantur.
1418 2929 1580 2973 Horat.
1615 2941 1750 2974 serm.
1780 2930 1821 2980 2,

1071 2988 1115 3037 8,
1147 2987 1334 3030 42--53.
1366 3001 1403 3031 c.
1437 2988 1634 3043 interpp.
1664 2993 1712 3032 et
1739 2988 1822 3031 Ian
