2098 3470
327 313 398 366 52
869 313 966 358 Lib.
1001 314 1078 358 ΙΙΙ.
1145 314 1363 371 Cepuros.

325 443 514 497 fumas.
546 462 662 498 cum
684 444 1003 511 miniaverit‚
1045 449 1313 513 subassas⁷
1356 465 1598 516 exornem,
1644 465 1913 515 oenogaro

326 518 558 570 faecinio
599 518 905 586 perfundes,
949 520 1045 572 sed
1087 521 1331 573 ciminum
1372 522 1557 574 addes

364 681 626 748 Incipit
664 681 859 748 Apici
899 681 1089 734 Caeli
1127 699 1420 749 cepuros
1464 683 1548 755 [de
1569 684 1873 755 holeribus}

989 815 1117 865 LIB.
1162 815 1258 866 III.

441 945 526 998 61.
585 945 669 997 Ut
709 961 900 997 omne
949 945 1148 997 holus
1201 946 1707 1012 smaragdinum
1755 948 1914 1000 fiat:

331 1035 486 1071 omne
513 1018 664 1070 holus
693 1019 1090 1084 smaragdinum
1117 1020 1221 1084 fiet,
1264 1021 1308 1071 si
1337 1037 1453 1072 cum
1480 1021 1614 1072 nitro
1645 1027 1914 1087 coquatur.

440 1092 1116 1145 62.Puln1enta1·ium
1151 1093 1234 1145 ad
1269 1098 1608 1146 ventrem:
1645 1096 1797 1148 betas
1825 1096 1918 1147 mi-

328 1224 482 1268 verit
514 1236 570 1268 ex
601 1227 642 1274 β.
676 1236 759 1279 pro
792 1223 1073 1278 reliquorum

328 1283 676 1334 mimaverit,
719 1283 1073 1333 immaverit,

328 1342 696 1387 unimaverit.
748 1341 804 1385 de
853 1342 900 1384 vi
946 1342 1075 1386 verbi

329 1401 548 1446 reflexiva
610 1402 679 1444 25.
754 1399 1074 1444 fumaveris

329 1461 463 1505 Hum.
486 1486 538 1490 ο-
561 1458 825 1504 faecinio
859 1458 933 1503 vel
966 1459 1075 1503 fae-

332 1521 462 1564 cino
496 1517 585 1563 feci
617 1533 672 1563 ex
705 1520 863 1573 inepto
898 1517 1074 1562 fasia-

330 1579 406 1623 ni.
441 1579 691 1634 opponitur
727 1577 938 1633 simplici,
983 1577 1077 1621 sac-

330 1643 428 1682 tum
461 1638 579 1681 enim
605 1651 661 1681 ex
685 1636 950 1681 faeculento
970 1637 1079 1680 den-

331 1710 476 1753 soque
523 1697 700 1752 liquore
755 1696 1080 1751 pisciculorum

335 1761 381 1801 et
424 1756 595 1800 dictum
637 1760 708 1799 est
751 1755 884 1805 allec,
925 1754 1080 1799 saeco-

331 1829 428 1859 sum
463 1827 626 1870 garum
662 1814 857 1858 Martial.
892 1815 1079 1864 13‚10-2.

332 1872 514 1918 faecula
562 1875 741 1918 Luci-et.
788 1875 828 1923 ⁶2,
871 1873 971 1916 430.
1023 1871 1079 1916 cf.

331 1934 446 1977 Plin.
482 1933 554 1983 31,
587 1934 727 1976 95.—
753 1931 1079 1986 profundes

333 1992 431 2036 flor.
466 1996 513 2036 et
545 1991 615 2035 ed.
649 2005 715 2047 pr.
750 1992 804 2034 H.
840 1991 900 2033 ad
933 1991 1003 2034 42.
1024 2017 1077 2023 —-

334 2051 437 2096 sed
486 2051 774 2094 cuminum
832 2059 960 2093 ates
1009 2055 1077 2105 βγ.

333 2124 377 2155 8.
429 2123 547 2153 cum
593 2110 889 2153 inumaces
938 2124 983 2152 π.
1032 2123 1077 2153 8.

334 2183 454 2214 cum
479 2170 784 2212 unimates
811 2165 869 2215 ὃζ.
896 2182 930 2211 8.
960 2181 1079 2212 cum

334 2229 630 2273 inumates
687 2231 754 2270 θκ.
811 2226 954 2271 editio
1011 2241 1076 2283 pr.

332 2299 496 2331 manca
550 2288 616 2331 sic
662 2283 764 2330 finit
815 2286 986 2339 „elixas
1036 2293 1082 2330 et

333 2347 550 2391 subassas
596 2351 643 2390 et
685 2358 894 2395 exornas,
944 2359 1083 2389 oeno-

333 2418 446 2462 garo
480 2404 648 2449 fasiani
680 2403 949 2460 profundes.
1004 2404 1083 2447 Vi-

333 2466 445 2509 riter
486 2470 662 2509 assans.
725 2464 929 2518 Explicit
967 2464 1084 2507 liber

334 2523 562 2567 secundus
603 2523 762 2578 Apicii
804 2522 1081 2577 A1·toptus“.

335 2583 460 2634 Quae
481 2583 648 2626 menda
669 2583 769 2638 quis
788 2582 958 2625 tollet?
978 2596 1083 2633 „cu-

333 2642 505 2685 minum
546 2642 720 2685 addes“
771 2653 882 2684 vera
923 2654 1082 2683 manus

334 2714 426 2744 non
488 2705 571 2744 est.
629 2700 807 2744 tentavi
870 2700 1084 2751 „setinia-

335 2763 462 2803 tum“
482 2764 530 2803 et
555 2759 892 2810 ‚,cuminatum“
918 2763 964 2802 et
983 2772 1083 2809 „su-

335 2819 585 2862 minatum“
628 2831 684 2862 ex
726 2817 904 2861 Arnolo.
941 2819 982 2869 2,
1013 2817 1084 2860 412.

337 2882 384 2922 et
432 2877 719 2928 „cominum“
781 2876 878 2920 scil.
935 2876 1086 2920 oleum

337 2950 394 2983 ex
426 2936 541 2980 Plin.
580 2937 649 2989 15,
685 2937 738 2980 13
772 2936 868 2991 (ubi
895 2935 1019 2980 oliva
1041 2936 1086 2979 in

383 3082 410 3099 ‹—

1165 1223 1345 1279 aliquot
1386 1225 1514 1268 libris
1561 1226 1758 1270 cuminia
1805 1226 1916 1270 dici-

1165 1284 1257 1336 tur)
1304 1283 1371 1334 15,
1417 1285 1486 1327 20.
1535 1310 1577 1314 —-
1633 1298 1689 1329 ex
1733 1285 1920 1336 „viriter

1165 1347 1354 1385 3883η8“
1376 1343 1560 1386 efficias
1581 1344 1807 1395 „viriliter
1823 1346 1919 1401 agi-

1166 1406 1315 1452 tans“,
1349 1402 1534 1446 assidue
1564 1416 1620 1446 ne
1640 1409 1798 1447 uratur
1815 1404 1913 1447 251.

1256 1460 1317 1503 ad
1349 1462 1419 1504 61.
1453 1462 1497 1504 Is
1519 1461 1637 1506 liber
1655 1462 1917 1506 inscribitur

1166 1518 1382 1573 κηπουρὸς
1428 1519 1712 1571 hortulanus,
1762 1521 1918 1571 olitor‚

1173 1578 1298 1633 quod
1329 1579 1374 1621 in
1407 1592 1462 1623 eo
1497 1580 1553 1622 de
1578 1580 1780 1624 oleribus
1800 1593 1918 1636 quae

1171 1638 1217 1679 in
1261 1637 1410 1681 cibum
1454 1645 1747 1683 assumuntur
1781 1645 1828 1683 et
1861 1639 1918 1683 de

1172 1709 1328 1739 eorum
1373 1697 1690 1751 pulmentariis
1734 1703 1780 1742 et
1813 1712 1918 1742 con-

1173 1755 1387 1798 dimentis
1419 1757 1574 1811 agitur
1606 1764 1653 1800 et
1684 1757 1786 1811 ipsa
1814 1770 1919 1800 con-

1170 1809 1308 1857 ficere
1342 1815 1549 1866 docetur,
1584 1819 1680 1871 περὶ
1706 1832 1917 1870 κηπουρι-

1172 1876 1258 1912 κῶν
1291 1874 1503 1927 λαχάνων,
1538 1878 1635 1928 περὶ
1666 1872 1920 1927 ἡδυσμάτων

1170 1936 1371 1983 κηπαίων,
1405 1937 1501 1988 περὶ
1544 1931 1780 1986 φυλλάὸων,
1822 1937 1920 1989 περὶ

1168 1994 1255 2030 τῶν
1328 1993 1511 2047 χλωρῶν
1584 1991 1922 2048 ὑποτριμμάτων

1171 2050 1291 2100 (Cas.
1333 2050 1394 2093 ad
1438 2051 1612 2095 Atlzen.
1662 2053 1703 2102 2,
1738 2053 1792 2095 73
1825 2051 1917 2105 in.).

1170 2108 1331 2152 Sabini
1364 2109 1546 2153 Tironis
1579 2110 1745 2154 librum
1786 2123 1921 2164 cepu-

1170 2168 1297 2211 ricon
1338 2168 1500 2212 laudat
1543 2170 1659 2213 Plin.
1707 2170 1774 2219 19,
1824 2169 1920 2212 177.

1171 2226 1414 2271 Caesennii
1441 2228 1533 2270 ind.
1566 2227 1642 2271 lib.
1661 2228 1786 2271 XIX.
1821 2227 1873 2270 T.
1898 2229 1919 2269 1

1173 2298 1216 2340 p.
1251 2287 1320 2328 51.
1385 2287 1570 2330 Holus
1616 2291 1663 2330 et
1703 2287 1831 2331 olus
1876 2287 1922 2329 in

1173 2345 1356 2388 nostris.
1400 2345 1516 2388 illud
1560 2347 1764 2400 praetuli
1797 2345 1923 2401 quod

1173 2403 1221 2446 id
1253 2403 1280 2446 h
1313 2405 1516 2447 radicale
1559 2410 1631 2448 est
1673 2410 1719 2448 et
1751 2417 1921 2460 graeco

1170 2478 1218 2516 χ,
1251 2463 1442 2518 gothico
1466 2478 1497 2519 g
1518 2464 1783 2518 respondet,
1813 2462 1922 2518 χόρ-

1174 2537 1243 2567 mg
1267 2522 1428 2566 hortus
1445 2528 1624 2578 garten,
1659 2523 1774 2566 conl.
1797 2521 1922 2575 χλόη,

1170 2581 1367 2637 χλοερὸς,
1397 2581 1577 2637 χλωρὸς.
1651 2581 1842 2624 Salmas.
1877 2580 1923 2622 in

1175 2639 1268 2683 Sol.
1303 2654 1332 2695 p
1383 2642 1480 2683 219.
1509 2640 1606 2683 230.
1640 2639 1923 2683 Doederlein

1173 2698 1290 2742 Red.
1335 2713 1376 2742 u.
1421 2698 1555 2742 Aufs-
1598 2712 1644 2753 p.
1687 2699 1786 2741 366.
1820 2698 1922 2742 367.

1173 2757 1307 2801 Mone
1348 2758 1462 2801 Bad.
1508 2756 1841 2812 Urgeschichte
1883 2757 1921 2799 1.

1265 2875 1326 2918 ad
1344 2876 1412 2919 6-2.
1446 2874 1643 2930 Apicius
1676 2875 1812 2918 dicit:
1844 2875 1924 2919 be-

1177 2939 1250 2979 tas
1286 2961 1336 2965 —-
1371 2936 1418 2979 in
1449 2935 1520 2979 ius
1552 2935 1671 2980 infra
1703 2936 1923 2991 scriptum
