2098 3470
721 301 820 343 Lib.
844 301 944 344 VII.
992 300 1228 344 Politeles.

1647 301 1748 352 147
1800 354 1815 368 f

272 435 396 487 299.
456 434 623 487 'Feres
661 433 831 503 piper,
871 432 1133 485 suffundis
1174 433 1459 499 liquamen,
1512 448 1748 500 passum,

160 525 376 561 merQum
431 508 709 576 pulmones
735 506 1036 577 conpungis
1079 511 1131 560 et
1167 506 1272 559 hoc
1315 522 1589 573 oenogaro
1630 523 1751 575 per-

160 581 354 634 fund1s

271 655 395 707 300.
456 654 710 709 Dulcia
751 654 1175 707 domestica:
1217 636 1482 722 palmulas
1509 652 1597 704 vel
1625 651 1749 705 dac-

159 729 280 782 tilos
323 728 395 800 [et
434 727 629 800 copto]‚
672 728 891 795 semine,
933 745 1070 781 nuce
1110 728 1198 781 vel
1238 727 1459 793 11301010,
1499 727 1622 793 mel,
1672 725 1750 794 pi-

160 856 393 975 ἒὶὲιῖξῖῗ
416 860 663 976 ..01111
699 873 833 964 00:1⁰
848 875 905 963 ἓξ

162 978 261 1022 124.
300 980 397 1022 132.
436 980 530 1022 134.
567 978 903 1023 135.140.434.

160 1038 222 1081 31.
276 1063 328 1068 -
384 1038 493 1082 dua
543 1035 627 1093 βγὸ
666 1052 751 1094 pro
796 1039 906 1083 duo

163 1097 264 1141 141.
299 1123 348 1127 ——
391 1097 644 1142 similam
676 1111 788 1142 corr.
823 1112 907 1154 pro

162 1156 336 1201 simul
368 1170 423 1201 ex
454 1157 554 1202 305.
592 1182 644 1188 —
677 1158 909 1202 nonnullis

162 1216 344 1260 omissis
370 1218 490 1262 inter
506 1221 750 1273 utrumque
787 1217 912 1272 „pul-

161 1278 354 1320 mones“
410 1289 492 1321 sex
548 1276 684 1321 codd.
742 1276 914 1321 habent

163 1335 768 1451 ἒῖἕίἶὲῗιρωωῗὲῧῖἒξ
793 1350 913 1452 ⁰50¹?

163 1452 318 1498 fundis
360 1455 441 1498 illa
477 1455 704 1510 impensa,
746 1456 825 1500 ubi
859 1468 914 1499 ea

163 1525 316 1557 massa
339 1519 473 1558 cocta
491 1522 575 1567 est,
607 1516 795 1570 insuper
812 1529 913 1570 por-

164 1571 370 1618 funditur
402 1587 638 1630 oenogaro
663 1575 910 1630 descripto.

165 1646 322 1688 -—pro
357 1632 700 1689 confringis
733 1633 910 1678 emend.

166 1694 498 1749 conpungis
556 1707 613 1737 ex
659 1694 759 1737 301.
808 1693 910 1737 320.

166 1749 223 1795 cf.
259 1758 306 1796 et
337 1753 436 1795 256.

254 1811 316 1854 ad
357 1812 459 1856 300.
521 1812 591 1855 Ea
638 1812 793 1856 dulcia
835 1810 915 1854 diu

165 1869 275 1913 mihi
308 1875 440 1914 erant
459 1872 758 1916 amarissima.
795 1870 913 1914 dul-

167 1929 255 1973 cia
288 1942 388 1974 GSSO
427 1932 665 1984 μελίπηκτα
708 1930 911 1986 (Lucian.

167 1987 300 2032 Asin.
333 1990 403 2032 46.
452 1988 628 2034 Athen.
662 1990 705 2040 4,
740 1991 808 2032 72.
847 1988 914 2039 14,

164 2047 271 2102 49.)‚
302 2049 435 2102 μέλιτι
468 2047 710 2102 δεδευμένα,
742 2047 913 2101 μελιτώ-

164 2122 277 2160 ματα
291 2111 555 2161 πεπεμμένα,
573 2108 634 2152 ad
653 2121 771 2164 quae
784 2120 916 2162 prae-

166 2166 325 2210 sertim
375 2172 488 2214 σταῖς
534 2166 683 2211 farina
735 2167 918 2211 triticea

167 2225 466 2270 adhiberetur
519 2240 729 2283 quaeque
782 2225 917 2269 melle

169 2297 359 2340 asperso
378 2291 666 2330 sumerentur
699 2285 830 2338 (Ath.
851 2285 917 2335 14,

169 2345 259 2398 53),
303 2345 423 2389 unde
455 2346 633 2389 mellita
665 2345 818 2389 edulia
852 2344 918 2387 di-

171 2407 335 2447 cuntur
367 2405 570 2459 Apuleio
603 2410 711 2450 met.
748 2405 819 2455 10,
850 2404 917 2446 13.

171 2466 313 2517 atque
371 2476 400 2506 a
464 2465 638 2518 pistore
693 2463 919 2507 dulciario

173 2521 371 2577 (Becker
420 2522 538 2566 Gall.
586 2523 665 2566 III.
710 2536 753 2578 p.
799 2522 919 2575 200.)

172 2581 512 2636 πλακουνταριόυ
531 2581 686 2637 (Salm.
710 2581 772 2624 ad
790 2583 921 2624 Lam-

171 2639 291 2696 prid.
324 2640 507 2697 Heliog.
541 2642 616 2695 32)
649 2641 696 2684 111
728 2641 920 2696 globum

173 2712 255 2743 seu
278 2700 483 2756 glomum
503 2699 810 2752 conformata,
843 2714 923 2742 un-

175 2758 233 2803 de
264 2759 445 2815 globuli
477 2760 694 2804 dicuntur
724 2772 752 2803 a
785 2760 923 2803 Cato-

173 2831 230 2862 ne
279 2820 348 2863 79.
404 2819 527 2864 Varr.
576 2821 626 2863 L.
674 2821 722 2863 L.
767 2820 924 2871 5,’22.

174 2881 212 2929 ἓ.
235 2878 334 2923 107.
360 2877 604 2935 σφαιροειδῆ
638 2883 838 2934 πέμματα
866 2879 925 2922 ab

174 2938 350 2984 Athen.
389 2939 457 2991 14,
490 2940 560 2983 56.
596 2939 701 2984 coll.
722 2940 778 2983 53
796 2951 925 2994 seqq.

997 860 1075 914 (ad
1093 860 1211 912 268).
1243 863 1406 904 notum
1428 863 1501 904 est
1533 857 1608 913 (cf.
1629 859 1749 902 Lan-

997 920 1102 963 zoni
1136 919 1251 974 Opp.
1295 919 1373 962 III.
1420 932 1464 974 p.
1498 917 1586 961 325
1617 930 1749 973 seqq.

997 979 1145 1022 minus
1165 991 1272 1022 vero
1303 992 1383 1022 cur
1415 977 1752 1021 domestica

998 1038 1238 1081 nominata
1262 1037 1368 1081 sint.
1387 1036 1628 1081 tentabam
1662 1035 1752 1079 da-

999 1097 1262 1141 mascica
1319 1109 1401 1141 seu
1457 1096 1752 1146 damascena,

1001 1157 1077 1202 vel
1120 1155 1296 1201 formae
1339 1155 1568 1213 globosae
1600 1155 1755 1212 gratia

1004 1216 1362 1274 glomerata,
1402 1215 1476 1259 vel
1509 1214 1754 1260 donati-

1006 1288 1070 1320 ca
1102 1288 1159 1320 ex
1197 1275 1320 1320 Fest.
1363 1288 1406 1331 p.
1441 1275 1513 1319 69.
1547 1274 1649 1326 201,
1682 1273 1752 1318 28.

1004 1340 1172 1392 postea
1224 1335 1408 1379 codices
1455 1338 1645 1378 secutus
1689 1333 1754 1376 111

1005 1395 1298 1450 tei-pretabar
1339 1407 1422 1450 per
1465 1407 1640 1450 coquos
1673 1392 1755 1437 do-

1005 1455 1237 1506 mesticos,
1287 1453 1628 1498 domesticatim
1676 1465 1755 1508 ap-

1004 1519 1184 1570 parata,
1226 1514 1482 1557 domestice
1527 1511 1755 1564 confecta,

1003 1574 1202 1629 privata,
1249 1573 1512 1623 vernacula,
1558 1571 1756 1627 hausge-

1003 1632 1251 1683 backenes‚
1282 1631 1621 1676 domicoenium
1638 1631 1756 1675 Mar-

1003 1692 1144 1743 tialis,
1183 1696 1235 1735 ut
1266 1692 1340 1736 vel
1374 1691 1646 1747 alienigenis
1681 1703 1757 1734 cx-

1004 1751 1242 1807 ternisque
1251 1755 1564 1820 opponantur
1581 1749 1657 1794 vel
1674 1763 1757 1806 pu

1004 1811 1138 1855 blicis
1171 1815 1219 1854 et
1249 1811 1294 1854 in
1327 1811 1471 1854 sacris
1492 1809 1757 1860 offerendis,

1005 1884 1062 1915 ex
1095 1871 1221 1914 Fest.
1262 1884 1307 1926 p.
1340 1871 1410 1914 98.
1461 1868 1670 1925 „glomus
1711 1869 1757 1912 in

1006 1929 1150 1975 sacris
1184 1930 1437 1973 crustulum
1461 1904 1759 1985 ”cymbifigu-

1006 2001 1058 2033 ra
1089 2002 1145 2033 ex
1180 1989 1284 2033 oleo
1329 1993 1511 2033 coctum
1549 1987 1755 2043 appella-

1006 2052 1107 2091 tur“
1162 2049 1218 2092 de
1253 2061 1344 2104 quo
1378 2060 1548 2104 genere
1582 2045 1761 2090 01.Εο-

1006 2107 1130 2152 beck
1149 2107 1386 2163 Aglaoph.
1412 2121 1457 2162 p.
1482 2106 1610 2150 1060.
1629 2118 1759 2161 seqq.

1008 2180 1130 2210 nunc
1187 2166 1297 2210 mihi
1360 2171 1468 2210 sunt
1528 2183 1568 2205 οι
1556 2164 1719 2218 ἴκητήρι
1708 2181 1762 2212 ια,

1012 2224 1147 2266 οἷκὸὃι
1150 2244 1174 2266 α
1178 2242 1281 2278 ιτητι
1270 2225 1348 2275 ικά,
1382 2226 1548 2281 quibus
1580 2225 1761 2268 medico

1009 2300 1102 2329 non
1135 2285 1369 2330 advocato
1394 2284 1537 2336 domi,
1567 2297 1652 2339 pro
1673 2296 1764 2327 me-

1011 2345 1274 2389 dicamento
1338 2344 1441 2387 usui
1503 2343 1763 2387 domestico

1011 2404 1248 2451 destinato
1267 2407 1523 2452 uterentur,
1542 2402 1611 2445 als
1628 2401 1765 2445 haus-

1011 2463 1177 2507 mittel.
1213 2488 1265 2494 w-
1298 2462 1611 2519 palmulas
1645 2461 1765 2504 acci-

1011 2523 1125 2578 pies.
1164 2547 1214 2551 —-
1261 2522 1370 2578 quia
1413 2521 1483 2565 ed.
1525 2534 1591 2576 pr.
1625 2521 1767 2564 istum

1012 2593 1280 2637 perversum
1323 2584 1590 2625 contextum
1624 2579 1768 2623 habet

1013 2640 1310 2697 palmulas
1352 2640 1443 2684 vel
1480 2638 1767 2695 dactylos

1015 2705 1073 2745 et
1118 2698 1414 2743 infarcies
1463 2698 1626 2743 sales
1681 2696 1768 2742 fo-

1015 2760 1097 2803 ris
1131 2759 1445 2815 contingis
1490 2762 1548 2802 et
1589 2762 1767 2813 cepto

1017 2820 1237 2863 semine
1298 2831 1445 2862 nuce
1509 2816 1606 2861 vel
1667 2830 1770 2860 nu-

1020 2879 1169 2923 cleis
1209 2877 1311 2922 vel
1351 2878 1523 2933 piper
1561 2875 1769 2919 tritum

1022 2937 1405 2993 [cimparties.
1434 2935 1599 2980 sales
1622 2933 1771 2979 foris
