<?xml version="1.0" encoding="UTF-8"?>
<!DOCTYPE html PUBLIC "-//W3C//DTD XHTML 1.0 Transitional//EN"
    "http://www.w3.org/TR/xhtml1/DTD/xhtml1-transitional.dtd">
<html xmlns="http://www.w3.org/1999/xhtml" xml:lang="en" lang="en">
 <head>
  <title>
</title>
<meta http-equiv="Content-Type" content="text/html;charset=utf-8" />
  <meta name='ocr-system' content='tesseract 3.04.00' />
  <meta name='ocr-capabilities' content='ocr_page ocr_carea ocr_par ocr_line ocrx_word'/>
</head>
<body>
  <div class='ocr_page' id='page_1' title='image "apicicaelidereco00apicrich_0116.png"; bbox 0 0 2098 3470; ppageno 0'>
   <div class='ocr_carea' id='block_1_1' title="bbox 399 289 1447 345">
    <p class='ocr_par' dir='ltr' id='par_1_1' title="bbox 399 289 1447 345">
     <span class='ocr_line' id='line_1_1' title="bbox 399 289 1447 345; baseline -0.002 -10"><span class='ocrx_word' id='word_1_1' title='bbox 399 290 504 344; x_wconf 86' lang='lat'>110</span> <span class='ocrx_word' id='word_1_2' title='bbox 991 289 1090 335; x_wconf 89' lang='lat' dir='ltr'><strong>Lib.</strong></span> <span class='ocrx_word' id='word_1_3' title='bbox 1115 289 1170 334; x_wconf 88' lang='lat' dir='ltr'>V.</span> <span class='ocrx_word' id='word_1_4' title='bbox 1234 289 1447 345; x_wconf 84' lang='lat' dir='ltr'>Ospreos.</span> 
     </span>
    </p>
   </div>
   <div class='ocr_carea' id='block_1_2' title="bbox 368 421 1985 1603">
    <p class='ocr_par' dir='ltr' id='par_1_2' title="bbox 368 421 1980 860">
     <span class='ocr_line' id='line_1_2' title="bbox 507 421 1976 489; baseline -0.001 -14"><span class='ocrx_word' id='word_1_5' title='bbox 507 423 629 476; x_wconf 89' lang='lat'>204.</span> <span class='ocrx_word' id='word_1_6' title='bbox 686 423 1083 476; x_wconf 81' lang='lat' dir='ltr'>Conciclam</span> <span class='ocrx_word' id='word_1_7' title='bbox 1137 422 1473 489; x_wconf 87' lang='lat' dir='ltr'>depisam:</span> <span class='ocrx_word' id='word_1_8' title='bbox 1528 421 1754 489; x_wconf 91' lang='lat' dir='ltr'>simplici</span> <span class='ocrx_word' id='word_1_9' title='bbox 1805 421 1976 488; x_wconf 89' lang='lat' dir='ltr'>pisam</span> 
     </span>
     <span class='ocr_line' id='line_1_3' title="bbox 396 495 1975 564; baseline -0.003 -14"><span class='ocrx_word' id='word_1_10' title='bbox 396 513 609 563; x_wconf 89' lang='lat' dir='ltr'>coques.</span> <span class='ocrx_word' id='word_1_11' title='bbox 651 513 765 550; x_wconf 91' lang='lat' dir='ltr'>cum</span> <span class='ocrx_word' id='word_1_12' title='bbox 808 497 1228 564; x_wconf 87' lang='lat' dir='ltr'>despumaveris,</span> <span class='ocrx_word' id='word_1_13' title='bbox 1272 495 1584 548; x_wconf 88' lang='lat' dir='ltr'>fasciculum</span> <span class='ocrx_word' id='word_1_14' title='bbox 1623 495 1767 563; x_wconf 91' lang='lat' dir='ltr'>porri</span> <span class='ocrx_word' id='word_1_15' title='bbox 1799 500 1850 547; x_wconf 92' lang='lat' dir='ltr'>et</span> <span class='ocrx_word' id='word_1_16' title='bbox 1891 511 1975 547; x_wconf 90' lang='lat' dir='ltr'>co-</span> 
     </span>
     <span class='ocr_line' id='line_1_4' title="bbox 394 569 1976 637; baseline -0.002 -15"><span class='ocrx_word' id='word_1_17' title='bbox 394 571 593 623; x_wconf 89' lang='lat' dir='ltr'>riandri</span> <span class='ocrx_word' id='word_1_18' title='bbox 624 571 798 623; x_wconf 89' lang='lat' dir='ltr'>mittis.</span> <span class='ocrx_word' id='word_1_19' title='bbox 844 570 968 622; x_wconf 89' lang='lat' dir='ltr'>dum</span> <span class='ocrx_word' id='word_1_20' title='bbox 997 570 1255 637; x_wconf 74' lang='lat' dir='ltr'>coquitur,</span> <span class='ocrx_word' id='word_1_21' title='bbox 1297 576 1438 622; x_wconf 86' lang='lat' dir='ltr'>teres</span> <span class='ocrx_word' id='word_1_22' title='bbox 1465 569 1634 636; x_wconf 88' lang='lat' dir='ltr'>piper,</span> <span class='ocrx_word' id='word_1_23' title='bbox 1676 569 1976 635; x_wconf 90' lang='lat' dir='ltr'>ligisticum,</span> 
     </span>
     <span class='ocr_line' id='line_1_5' title="bbox 396 641 1980 711; baseline -0.002 -15"><span class='ocrx_word' id='word_1_24' title='bbox 396 645 690 711; x_wconf 87' lang='lat' dir='ltr'>origanum,</span> <span class='ocrx_word' id='word_1_25' title='bbox 731 644 1033 710; x_wconf 87' lang='lat' dir='ltr'>feniculum,</span> <span class='ocrx_word' id='word_1_26' title='bbox 1090 644 1158 696; x_wconf 92' lang='lat' dir='ltr'>de</span> <span class='ocrx_word' id='word_1_27' title='bbox 1198 660 1291 695; x_wconf 90' lang='lat' dir='ltr'>suo</span> <span class='ocrx_word' id='word_1_28' title='bbox 1346 643 1445 695; x_wconf 85' lang='lat' dir='ltr'>sibi</span> <span class='ocrx_word' id='word_1_29' title='bbox 1495 642 1729 709; x_wconf 79' lang='lat' dir='ltr'>fricabiS,</span> <span class='ocrx_word' id='word_1_30' title='bbox 1784 641 1980 694; x_wconf 85' lang='lat' dir='ltr'>suffun-</span> 
     </span>
     <span class='ocr_line' id='line_1_6' title="bbox 396 716 1977 786; baseline -0.003 -16"><span class='ocrx_word' id='word_1_31' title='bbox 396 718 478 770; x_wconf 90' lang='lat' dir='ltr'>dis</span> <span class='ocrx_word' id='word_1_32' title='bbox 531 718 799 784; x_wconf 80' lang='lat' dir='ltr'><strong>liquamen</strong></span> <span class='ocrx_word' id='word_1_33' title='bbox 853 722 904 769; x_wconf 90' lang='lat' dir='ltr'>et</span> <span class='ocrx_word' id='word_1_34' title='bbox 955 717 1294 786; x_wconf 75' lang='lat' dir='ltr'>temperabis,</span> <span class='ocrx_word' id='word_1_35' title='bbox 1354 716 1514 767; x_wconf 88' lang='lat' dir='ltr'>mittis</span> <span class='ocrx_word' id='word_1_36' title='bbox 1565 718 1618 767; x_wconf 92' lang='lat' dir='ltr'>in</span> <span class='ocrx_word' id='word_1_37' title='bbox 1673 717 1977 781; x_wconf 75' lang='lat' dir='ltr'>caccabum,</span> 
     </span>
     <span class='ocr_line' id='line_1_7' title="bbox 368 789 1977 860; baseline -0.003 -15"><span class='ocrx_word' id='word_1_38' title='bbox 368 808 556 860; x_wconf 69' lang='lat' dir='ltr'>..super</span> <span class='ocrx_word' id='word_1_39' title='bbox 594 791 796 844; x_wconf 77' lang='lat' dir='ltr'>adicies</span> <span class='ocrx_word' id='word_1_40' title='bbox 837 792 1009 844; x_wconf 90' lang='lat' dir='ltr'>oleum</span> <span class='ocrx_word' id='word_1_41' title='bbox 1051 797 1103 844; x_wconf 91' lang='lat' dir='ltr'>et</span> <span class='ocrx_word' id='word_1_42' title='bbox 1140 791 1282 843; x_wconf 85' lang='lat' dir='ltr'>lento</span> <span class='ocrx_word' id='word_1_43' title='bbox 1317 790 1427 856; x_wconf 83' lang='lat' dir='ltr'>igni</span> <span class='ocrx_word' id='word_1_44' title='bbox 1457 789 1660 842; x_wconf 84' lang='lat' dir='ltr'>ferveat</span> <span class='ocrx_word' id='word_1_45' title='bbox 1687 794 1739 841; x_wconf 89' lang='lat' dir='ltr'>et</span> <span class='ocrx_word' id='word_1_46' title='bbox 1763 789 1977 841; x_wconf 88' lang='lat' dir='ltr'>inferes.</span> 
     </span>
    </p>

    <p class='ocr_par' dir='ltr' id='par_1_3' title="bbox 396 863 1985 1377">
     <span class='ocr_line' id='line_1_8' title="bbox 510 863 1981 930; baseline -0.002 -12"><span class='ocrx_word' id='word_1_47' title='bbox 510 866 632 918; x_wconf 81' lang='lat'>205.</span> <span class='ocrx_word' id='word_1_48' title='bbox 659 865 990 918; x_wconf 85' lang='lat' dir='ltr'>Concicla</span> <span class='ocrx_word' id='word_1_49' title='bbox 1017 863 1522 918; x_wconf 87' lang='lat' dir='ltr'>commodiana:</span> <span class='ocrx_word' id='word_1_50' title='bbox 1562 863 1734 930; x_wconf 82' lang='lat' dir='ltr'>pisam</span> <span class='ocrx_word' id='word_1_51' title='bbox 1763 878 1981 929; x_wconf 83' lang='lat' dir='ltr'>coques,</span> 
     </span>
     <span class='ocr_line' id='line_1_9' title="bbox 397 937 1979 1007; baseline -0.003 -15"><span class='ocrx_word' id='word_1_52' title='bbox 397 955 516 993; x_wconf 89' lang='lat' dir='ltr'>cum</span> <span class='ocrx_word' id='word_1_53' title='bbox 557 938 975 1007; x_wconf 84' lang='lat' dir='ltr'>despumaveris,</span> <span class='ocrx_word' id='word_1_54' title='bbox 1005 944 1156 991; x_wconf 82' lang='lat' dir='ltr'>teres</span> <span class='ocrx_word' id='word_1_55' title='bbox 1195 938 1365 1007; x_wconf 84' lang='lat' dir='ltr'>piper,</span> <span class='ocrx_word' id='word_1_56' title='bbox 1394 937 1696 1004; x_wconf 83' lang='lat' dir='ltr'>ligisticum,</span> <span class='ocrx_word' id='word_1_57' title='bbox 1751 941 1979 1001; x_wconf 87' lang='lat' dir='ltr'>anetum,</span> 
     </span>
     <span class='ocr_line' id='line_1_10' title="bbox 398 1010 1981 1082; baseline -0.004 -15"><span class='ocrx_word' id='word_1_58' title='bbox 398 1030 587 1082; x_wconf 89' lang='lat' dir='ltr'>cepam</span> <span class='ocrx_word' id='word_1_59' title='bbox 628 1013 840 1079; x_wconf 90' lang='lat' dir='ltr'>siccam,</span> <span class='ocrx_word' id='word_1_60' title='bbox 883 1012 1141 1065; x_wconf 86' lang='lat' dir='ltr'>suffundis</span> <span class='ocrx_word' id='word_1_61' title='bbox 1179 1012 1464 1078; x_wconf 85' lang='lat' dir='ltr'>liquamen,</span> <span class='ocrx_word' id='word_1_62' title='bbox 1505 1011 1683 1063; x_wconf 84' lang='lat' dir='ltr'>vinum</span> <span class='ocrx_word' id='word_1_63' title='bbox 1725 1015 1776 1063; x_wconf 90' lang='lat' dir='ltr'>et</span> <span class='ocrx_word' id='word_1_64' title='bbox 1814 1010 1981 1076; x_wconf 88' lang='lat' dir='ltr'>liqua-</span> 
     </span>
     <span class='ocr_line' id='line_1_11' title="bbox 396 1085 1980 1155; baseline -0.003 -16"><span class='ocrx_word' id='word_1_65' title='bbox 396 1087 537 1140; x_wconf 91' lang='lat' dir='ltr'>mine</span> <span class='ocrx_word' id='word_1_66' title='bbox 575 1086 915 1155; x_wconf 86' lang='lat' dir='ltr'>temperabis.</span> <span class='ocrx_word' id='word_1_67' title='bbox 958 1086 1118 1139; x_wconf 86' lang='lat' dir='ltr'>mittis</span> <span class='ocrx_word' id='word_1_68' title='bbox 1157 1085 1210 1137; x_wconf 87' lang='lat' dir='ltr'>in</span> <span class='ocrx_word' id='word_1_69' title='bbox 1251 1087 1553 1151; x_wconf 82' lang='lat' dir='ltr'>caccabum,</span> <span class='ocrx_word' id='word_1_70' title='bbox 1605 1090 1660 1136; x_wconf 92' lang='lat' dir='ltr'>ut</span> <span class='ocrx_word' id='word_1_71' title='bbox 1699 1085 1980 1150; x_wconf 79' lang='lat' dir='ltr'>combibat,</span> 
     </span>
     <span class='ocr_line' id='line_1_12' title="bbox 398 1157 1980 1228; baseline -0.003 -14"><span class='ocrx_word' id='word_1_72' title='bbox 398 1160 595 1215; x_wconf 87' lang='lat' dir='ltr'>deinde</span> <span class='ocrx_word' id='word_1_73' title='bbox 637 1177 738 1214; x_wconf 88' lang='lat' dir='ltr'>ova</span> <span class='ocrx_word' id='word_1_74' title='bbox 778 1165 1023 1228; x_wconf 88' lang='lat' dir='ltr'>quattuor</span> <span class='ocrx_word' id='word_1_75' title='bbox 1063 1160 1239 1213; x_wconf 86' lang='lat' dir='ltr'>solves</span> <span class='ocrx_word' id='word_1_76' title='bbox 1265 1159 1318 1211; x_wconf 94' lang='lat' dir='ltr'>in</span> <span class='ocrx_word' id='word_1_77' title='bbox 1348 1159 1651 1225; x_wconf 86' lang='lat' dir='ltr'>sextarium,</span> <span class='ocrx_word' id='word_1_78' title='bbox 1693 1158 1844 1226; x_wconf 87' lang='lat' dir='ltr'>pisae</span> <span class='ocrx_word' id='word_1_79' title='bbox 1869 1157 1980 1209; x_wconf 88' lang='lat' dir='ltr'>mit·</span> 
     </span>
     <span class='ocr_line' id='line_1_13' title="bbox 398 1231 1985 1303; baseline -0.003 -15"><span class='ocrx_word' id='word_1_80' title='bbox 398 1235 482 1303; x_wconf 80' lang='lat' dir='ltr'>tis,</span> <span class='ocrx_word' id='word_1_81' title='bbox 524 1234 713 1303; x_wconf 80' lang='lat' dir='ltr'>agitas.</span> <span class='ocrx_word' id='word_1_82' title='bbox 767 1234 927 1288; x_wconf 87' lang='lat' dir='ltr'>mittis</span> <span class='ocrx_word' id='word_1_83' title='bbox 966 1235 1020 1287; x_wconf 90' lang='lat' dir='ltr'>in</span> <span class='ocrx_word' id='word_1_84' title='bbox 1061 1251 1355 1300; x_wconf 87' lang='lat' dir='ltr'>cumanam,</span> <span class='ocrx_word' id='word_1_85' title='bbox 1411 1232 1482 1286; x_wconf 91' lang='lat' dir='ltr'>ad</span> <span class='ocrx_word' id='word_1_86' title='bbox 1520 1233 1700 1300; x_wconf 84' lang='lat' dir='ltr'>ignem</span> <span class='ocrx_word' id='word_1_87' title='bbox 1736 1231 1890 1300; x_wconf 89' lang='lat' dir='ltr'>ponis</span> <span class='ocrx_word' id='word_1_88' title='bbox 1930 1236 1985 1284; x_wconf 86' lang='lat' dir='ltr'>ut</span> 
     </span>
     <span class='ocr_line' id='line_1_14' title="bbox 398 1308 1143 1377; baseline 0.001 -15"><span class='ocrx_word' id='word_1_89' title='bbox 398 1309 560 1363; x_wconf 87' lang='lat' dir='ltr'>ducat</span> <span class='ocrx_word' id='word_1_90' title='bbox 600 1313 652 1363; x_wconf 88' lang='lat' dir='ltr'>et</span> <span class='ocrx_word' id='word_1_91' title='bbox 688 1308 902 1363; x_wconf 77' lang='lat' dir='ltr'>inferes,</span> <span class='ocrx_word' id='word_1_92' title='bbox 1139 1375 1143 1377; x_wconf 10' lang='grc' dir='ltr'>ἡ</span> 
     </span>
    </p>

    <p class='ocr_par' dir='ltr' id='par_1_4' title="bbox 398 1379 1984 1603">
     <span class='ocr_line' id='line_1_15' title="bbox 511 1379 1983 1448; baseline -0.003 -12"><span class='ocrx_word' id='word_1_93' title='bbox 511 1384 633 1436; x_wconf 88' lang='grc'>206.</span> <span class='ocrx_word' id='word_1_94' title='bbox 676 1383 844 1436; x_wconf 87' lang='lat' dir='ltr'>Aliter</span> <span class='ocrx_word' id='word_1_95' title='bbox 884 1381 1178 1436; x_wconf 89' lang='lat' dir='ltr'>conciclam</span> <span class='ocrx_word' id='word_1_96' title='bbox 1218 1381 1294 1434; x_wconf 91' lang='lat' dir='ltr'>sic</span> <span class='ocrx_word' id='word_1_97' title='bbox 1333 1379 1532 1435; x_wconf 88' lang='lat' dir='ltr'>facies:</span> <span class='ocrx_word' id='word_1_98' title='bbox 1576 1379 1828 1434; x_wconf 88' lang='lat' dir='ltr'>concides</span> <span class='ocrx_word' id='word_1_99' title='bbox 1870 1379 1983 1448; x_wconf 92' lang='lat' dir='ltr'>pul-</span> 
     </span>
     <span class='ocr_line' id='line_1_16' title="bbox 398 1453 1983 1524; baseline -0.003 -14"><span class='ocrx_word' id='word_1_100' title='bbox 398 1457 506 1510; x_wconf 91' lang='lat' dir='ltr'>lum</span> <span class='ocrx_word' id='word_1_101' title='bbox 543 1457 854 1524; x_wconf 87' lang='lat' dir='ltr'>minutatim,</span> <span class='ocrx_word' id='word_1_102' title='bbox 894 1457 1197 1523; x_wconf 88' lang='lat' dir='ltr'>liquamine,</span> <span class='ocrx_word' id='word_1_103' title='bbox 1228 1456 1346 1508; x_wconf 91' lang='lat' dir='ltr'>oleo</span> <span class='ocrx_word' id='word_1_104' title='bbox 1375 1461 1426 1507; x_wconf 91' lang='lat' dir='ltr'>et</span> <span class='ocrx_word' id='word_1_105' title='bbox 1451 1454 1573 1507; x_wconf 87' lang='lat' dir='ltr'>vino</span> <span class='ocrx_word' id='word_1_106' title='bbox 1605 1453 1828 1521; x_wconf 85' lang='lat' dir='ltr'>ferveat,</span> <span class='ocrx_word' id='word_1_107' title='bbox 1862 1470 1983 1506; x_wconf 90' lang='lat' dir='ltr'>con-</span> 
     </span>
     <span class='ocr_line' id='line_1_17' title="bbox 400 1529 1984 1603; baseline -0.004 -17"><span class='ocrx_word' id='word_1_108' title='bbox 400 1531 547 1586; x_wconf 87' lang='lat' dir='ltr'>cides</span> <span class='ocrx_word' id='word_1_109' title='bbox 589 1548 794 1603; x_wconf 88' lang='lat' dir='ltr'>cepam,</span> <span class='ocrx_word' id='word_1_110' title='bbox 837 1530 1174 1585; x_wconf 86' lang='lat' dir='ltr'>coriandrum</span> <span class='ocrx_word' id='word_1_111' title='bbox 1213 1529 1483 1596; x_wconf 91' lang='lat' dir='ltr'>minutum,</span> <span class='ocrx_word' id='word_1_112' title='bbox 1527 1529 1795 1582; x_wconf 88' lang='lat' dir='ltr'>cerebella</span> <span class='ocrx_word' id='word_1_113' title='bbox 1835 1544 1984 1580; x_wconf 90' lang='lat' dir='ltr'>ener-</span> 
     </span>
    </p>
   </div>
   <div class='ocr_carea' id='block_1_3' title="bbox 382 1676 1155 2505">
    <p class='ocr_par' dir='ltr' id='par_1_5' title="bbox 399 1676 1145 1842">
     <span class='ocr_line' id='line_1_18' title="bbox 399 1676 1144 1735; baseline -0.004 -12"><span class='ocrx_word' id='word_1_114' title='bbox 399 1679 505 1735; x_wconf 90' lang='lat' dir='ltr'>gis.</span> <span class='ocrx_word' id='word_1_115' title='bbox 525 1703 573 1708; x_wconf 74' lang='lat'>—</span> <span class='ocrx_word' id='word_1_116' title='bbox 599 1682 657 1723; x_wconf 90' lang='lat' dir='ltr'>et</span> <span class='ocrx_word' id='word_1_117' title='bbox 681 1692 800 1723; x_wconf 90' lang='lat' dir='ltr'>cum</span> <span class='ocrx_word' id='word_1_118' title='bbox 820 1676 1144 1722; x_wconf 90' lang='lat' dir='ltr'>bibatcodd.</span> 
     </span>
     <span class='ocr_line' id='line_1_19' title="bbox 399 1737 1145 1783; baseline -0.005 0"><span class='ocrx_word' id='word_1_119' title='bbox 399 1752 501 1783; x_wconf 86' lang='lat' dir='ltr'>cum</span> <span class='ocrx_word' id='word_1_120' title='bbox 543 1737 677 1782; x_wconf 91' lang='lat' dir='ltr'>Hum.</span> <span class='ocrx_word' id='word_1_121' title='bbox 721 1738 899 1781; x_wconf 83' lang='lat' dir='ltr'>correxi</span> <span class='ocrx_word' id='word_1_122' title='bbox 942 1751 999 1782; x_wconf 84' lang='lat' dir='ltr'>ex</span> <span class='ocrx_word' id='word_1_123' title='bbox 1046 1737 1145 1781; x_wconf 80' lang='lat'>205.</span> 
     </span>
     <span class='ocr_line' id='line_1_20' title="bbox 399 1797 768 1842; baseline -0.005 0"><span class='ocrx_word' id='word_1_124' title='bbox 399 1798 498 1842; x_wconf 87' lang='grc'>256.</span> <span class='ocrx_word' id='word_1_125' title='bbox 532 1797 632 1840; x_wconf 88' lang='lat'>301.</span> <span class='ocrx_word' id='word_1_126' title='bbox 666 1797 768 1841; x_wconf 90' lang='lat'>320.</span> 
     </span>
    </p>

    <p class='ocr_par' dir='ltr' id='par_1_6' title="bbox 382 1855 1155 2505">
     <span class='ocr_line' id='line_1_21' title="bbox 488 1855 1149 1910; baseline -0.002 -11"><span class='ocrx_word' id='word_1_127' title='bbox 488 1855 550 1899; x_wconf 92' lang='lat' dir='ltr'>ad</span> <span class='ocrx_word' id='word_1_128' title='bbox 568 1855 667 1900; x_wconf 88' lang='lat'>204.</span> <span class='ocrx_word' id='word_1_129' title='bbox 704 1869 754 1899; x_wconf 93' lang='lat' dir='ltr'>c.</span> <span class='ocrx_word' id='word_1_130' title='bbox 781 1855 848 1900; x_wconf 87' lang='lat' dir='ltr'>de</span> <span class='ocrx_word' id='word_1_131' title='bbox 872 1855 1003 1910; x_wconf 88' lang='lat' dir='ltr'>pisa</span> <span class='ocrx_word' id='word_1_132' title='bbox 1026 1855 1149 1898; x_wconf 80' lang='lat' dir='ltr'>sim=</span> 
     </span>
     <span class='ocr_line' id='line_1_22' title="bbox 399 1914 1149 1972; baseline -0.003 -13"><span class='ocrx_word' id='word_1_133' title='bbox 399 1915 555 1972; x_wconf 89' lang='lat' dir='ltr'>plici</span> <span class='ocrx_word' id='word_1_134' title='bbox 587 1915 724 1959; x_wconf 90' lang='lat' dir='ltr'>codd.</span> <span class='ocrx_word' id='word_1_135' title='bbox 744 1915 805 1958; x_wconf 91' lang='lat' dir='ltr'>ad</span> <span class='ocrx_word' id='word_1_136' title='bbox 832 1927 982 1958; x_wconf 86' lang='lat' dir='ltr'>mcum</span> <span class='ocrx_word' id='word_1_137' title='bbox 1019 1914 1149 1967; x_wconf 88' lang='lat' dir='ltr'>„sim-</span> 
     </span>
     <span class='ocr_line' id='line_1_23' title="bbox 400 1974 1149 2031; baseline -0.003 -13"><span class='ocrx_word' id='word_1_138' title='bbox 400 1975 536 2031; x_wconf 85' lang='lat' dir='ltr'>plici“</span> <span class='ocrx_word' id='word_1_139' title='bbox 587 1974 752 2030; x_wconf 90' lang='lat' dir='ltr'>supple</span> <span class='ocrx_word' id='word_1_140' title='bbox 794 1974 878 2022; x_wconf 63' lang='lat' dir='ltr'>vel»</span> <span class='ocrx_word' id='word_1_141' title='bbox 912 1987 1149 2029; x_wconf 88' lang='lat' dir='ltr'>oenogaro</span> 
     </span>
     <span class='ocr_line' id='line_1_24' title="bbox 402 2033 1151 2084; baseline -0.004 -6"><span class='ocrx_word' id='word_1_142' title='bbox 402 2034 500 2078; x_wconf 81' lang='lat'>107.</span> <span class='ocrx_word' id='word_1_143' title='bbox 548 2034 646 2078; x_wconf 91' lang='lat'>140.</span> <span class='ocrx_word' id='word_1_144' title='bbox 695 2033 790 2076; x_wconf 80' lang='grc'>147.</span> <span class='ocrx_word' id='word_1_145' title='bbox 836 2033 911 2077; x_wconf 87' lang='lat' dir='ltr'>vel</span> <span class='ocrx_word' id='word_1_146' title='bbox 944 2033 1056 2084; x_wconf 87' lang='lat' dir='ltr'>iure,</span> <span class='ocrx_word' id='word_1_147' title='bbox 1099 2037 1151 2076; x_wconf 89' lang='lat' dir='ltr'>ut</span> 
     </span>
     <span class='ocr_line' id='line_1_25' title="bbox 399 2092 1149 2144; baseline -0.004 -6"><span class='ocrx_word' id='word_1_148' title='bbox 399 2094 457 2138; x_wconf 84' lang='lat' dir='ltr'>sit</span> <span class='ocrx_word' id='word_1_149' title='bbox 501 2093 599 2137; x_wconf 88' lang='lat' dir='ltr'>sine</span> <span class='ocrx_word' id='word_1_150' title='bbox 646 2093 827 2144; x_wconf 86' lang='lat' dir='ltr'>tritura,</span> <span class='ocrx_word' id='word_1_151' title='bbox 874 2092 949 2136; x_wconf 91' lang='lat' dir='ltr'>vel</span> <span class='ocrx_word' id='word_1_152' title='bbox 992 2092 1149 2135; x_wconf 92' lang='lat' dir='ltr'>modo.</span> 
     </span>
     <span class='ocr_line' id='line_1_26' title="bbox 404 2150 1150 2197; baseline -0.004 -1"><span class='ocrx_word' id='word_1_153' title='bbox 404 2151 461 2197; x_wconf 90' lang='lat' dir='ltr'>cf.</span> <span class='ocrx_word' id='word_1_154' title='bbox 498 2152 673 2196; x_wconf 89' lang='lat' dir='ltr'>minore</span> <span class='ocrx_word' id='word_1_155' title='bbox 695 2153 790 2195; x_wconf 92' lang='lat'>119.</span> <span class='ocrx_word' id='word_1_156' title='bbox 825 2150 961 2195; x_wconf 86' lang='lat' dir='ltr'>fusile</span> <span class='ocrx_word' id='word_1_157' title='bbox 987 2151 1073 2194; x_wconf 91' lang='lat'>120</span> <span class='ocrx_word' id='word_1_158' title='bbox 1095 2176 1150 2182; x_wconf 93' lang='lat'>—-</span> 
     </span>
     <span class='ocr_line' id='line_1_27' title="bbox 401 2211 1154 2267; baseline -0.003 -12"><span class='ocrx_word' id='word_1_159' title='bbox 401 2212 669 2267; x_wconf 86' lang='lat' dir='ltr'>depisam</span> <span class='ocrx_word' id='word_1_160' title='bbox 755 2211 954 2266; x_wconf 88' lang='lat' dir='ltr'>pisatam</span> <span class='ocrx_word' id='word_1_161' title='bbox 1034 2213 1154 2265; x_wconf 88' lang='lat' dir='ltr'>(erat</span> 
     </span>
     <span class='ocr_line' id='line_1_28' title="bbox 401 2270 1153 2325; baseline -0.004 -10"><span class='ocrx_word' id='word_1_162' title='bbox 401 2272 543 2316; x_wconf 89' lang='lat' dir='ltr'>etiam</span> <span class='ocrx_word' id='word_1_163' title='bbox 587 2271 779 2315; x_wconf 87' lang='lat' dir='ltr'>verbum</span> <span class='ocrx_word' id='word_1_164' title='bbox 818 2270 987 2325; x_wconf 84' lang='lat' dir='ltr'>pisare,</span> <span class='ocrx_word' id='word_1_165' title='bbox 1035 2270 1153 2314; x_wconf 85' lang='lat' dir='ltr'>Non.</span> 
     </span>
     <span class='ocr_line' id='line_1_29' title="bbox 400 2328 1155 2387; baseline -0.001 -14"><span class='ocrx_word' id='word_1_166' title='bbox 400 2344 444 2387; x_wconf 89' lang='lat' dir='ltr'>p.</span> <span class='ocrx_word' id='word_1_167' title='bbox 480 2331 609 2384; x_wconf 85' lang='lat'>111.)</span> <span class='ocrx_word' id='word_1_168' title='bbox 643 2328 699 2374; x_wconf 86' lang='lat' dir='ltr'>cf.</span> <span class='ocrx_word' id='word_1_169' title='bbox 734 2329 796 2372; x_wconf 88' lang='lat' dir='ltr'>ad</span> <span class='ocrx_word' id='word_1_170' title='bbox 818 2330 916 2373; x_wconf 91' lang='lat'>202.</span> <span class='ocrx_word' id='word_1_171' title='bbox 951 2329 1155 2383; x_wconf 90' lang='lat' dir='ltr'>despu-</span> 
     </span>
     <span class='ocr_line' id='line_1_30' title="bbox 382 2387 1153 2444; baseline -0.004 -11"><span class='ocrx_word' id='word_1_172' title='bbox 382 2402 529 2444; x_wconf 56' lang='lat' dir='ltr'>,mav</span> <span class='ocrx_word' id='word_1_173' title='bbox 549 2389 667 2433; x_wconf 90' lang='lat' dir='ltr'>erit</span> <span class='ocrx_word' id='word_1_174' title='bbox 699 2388 832 2433; x_wconf 84' lang='lat' dir='ltr'>codd.</span> <span class='ocrx_word' id='word_1_175' title='bbox 866 2393 1052 2444; x_wconf 84' lang='lat' dir='ltr'>praeter</span> <span class='ocrx_word' id='word_1_176' title='bbox 1083 2387 1153 2431; x_wconf 92' lang='lat' dir='ltr'>ed.</span> 
     </span>
     <span class='ocr_line' id='line_1_31' title="bbox 401 2446 1155 2505; baseline -0.003 -13"><span class='ocrx_word' id='word_1_177' title='bbox 401 2462 469 2505; x_wconf 92' lang='lat' dir='ltr'>pr.</span> <span class='ocrx_word' id='word_1_178' title='bbox 515 2449 615 2492; x_wconf 87' lang='lat'>193.</span> <span class='ocrx_word' id='word_1_179' title='bbox 666 2473 722 2480; x_wconf 92' lang='lat'><em>-</em></span> <span class='ocrx_word' id='word_1_180' title='bbox 771 2447 839 2491; x_wconf 91' lang='lat' dir='ltr'>de</span> <span class='ocrx_word' id='word_1_181' title='bbox 890 2461 993 2491; x_wconf 87' lang='lat' dir='ltr'>suo</span> <span class='ocrx_word' id='word_1_182' title='bbox 1041 2446 1155 2491; x_wconf 85' lang='lat' dir='ltr'>sibi</span> 
     </span>
    </p>
   </div>
   <div class='ocr_carea' id='block_1_4' title="bbox 402 2506 1159 2558">
    <p class='ocr_par' dir='ltr' id='par_1_7' title="bbox 402 2506 1159 2558">
     <span class='ocr_line' id='line_1_32' title="bbox 402 2506 1159 2558; baseline -0.004 -7"><span class='ocrx_word' id='word_1_183' title='bbox 402 2508 501 2551; x_wconf 83' lang='lat'>147.</span> <span class='ocrx_word' id='word_1_184' title='bbox 522 2532 575 2540; x_wconf 91' lang='lat'>—</span> <span class='ocrx_word' id='word_1_185' title='bbox 608 2506 949 2552; x_wconf 87' lang='lat' dir='ltr'>feniculum</span> <span class='ocrx_word' id='word_1_186' title='bbox 982 2519 1038 2551; x_wconf 86' lang='lat' dir='ltr'>ex</span> <span class='ocrx_word' id='word_1_187' title='bbox 1055 2506 1159 2558; x_wconf 87' lang='grc'>201,</span> 
     </span>
    </p>
   </div>
   <div class='ocr_carea' id='block_1_5' title="bbox 401 2565 1158 2969">
    <p class='ocr_par' dir='ltr' id='par_1_8' title="bbox 401 2565 1154 2683">
     <span class='ocr_line' id='line_1_33' title="bbox 401 2565 1154 2624; baseline -0.004 -13"><span class='ocrx_word' id='word_1_188' title='bbox 401 2579 487 2624; x_wconf 89' lang='lat' dir='ltr'>pro</span> <span class='ocrx_word' id='word_1_189' title='bbox 540 2566 921 2611; x_wconf 87' lang='lat' dir='ltr'>fasciculum.</span> <span class='ocrx_word' id='word_1_190' title='bbox 973 2590 1027 2595; x_wconf 92' lang='lat'>—-</span> <span class='ocrx_word' id='word_1_191' title='bbox 1082 2565 1154 2608; x_wconf 86' lang='lat' dir='ltr'>li-</span> 
     </span>
     <span class='ocr_line' id='line_1_34' title="bbox 404 2623 1047 2683; baseline -0.006 -12"><span class='ocrx_word' id='word_1_192' title='bbox 404 2626 676 2683; x_wconf 88' lang='lat' dir='ltr'>quamine</span> <span class='ocrx_word' id='word_1_193' title='bbox 708 2630 876 2681; x_wconf 88' lang='lat' dir='ltr'>temp.</span> <span class='ocrx_word' id='word_1_194' title='bbox 913 2623 1047 2669; x_wconf 89' lang='lat' dir='ltr'>codd.</span> 
     </span>
    </p>

    <p class='ocr_par' dir='ltr' id='par_1_9' title="bbox 403 2683 1158 2969">
     <span class='ocr_line' id='line_1_35' title="bbox 493 2683 1155 2731; baseline -0.005 -2"><span class='ocrx_word' id='word_1_195' title='bbox 493 2685 555 2729; x_wconf 92' lang='lat' dir='ltr'>ad</span> <span class='ocrx_word' id='word_1_196' title='bbox 587 2686 686 2729; x_wconf 84' lang='lat'>205.</span> <span class='ocrx_word' id='word_1_197' title='bbox 744 2684 1041 2729; x_wconf 73' lang='lat' dir='ltr'>Commodus</span> <span class='ocrx_word' id='word_1_198' title='bbox 1056 2683 1155 2731; x_wconf 87' lang='lat' dir='ltr'>An-</span> 
     </span>
     <span class='ocr_line' id='line_1_36' title="bbox 404 2742 1157 2798; baseline -0.005 -9"><span class='ocrx_word' id='word_1_199' title='bbox 404 2744 591 2789; x_wconf 82' lang='lat' dir='ltr'>toninus</span> <span class='ocrx_word' id='word_1_200' title='bbox 607 2778 618 2796; x_wconf 92' lang='lat'>‚</span> <span class='ocrx_word' id='word_1_201' title='bbox 681 2744 821 2788; x_wconf 87' lang='lat' dir='ltr'>Marci</span> <span class='ocrx_word' id='word_1_202' title='bbox 882 2742 1157 2798; x_wconf 85' lang='lat' dir='ltr'>Philosophi</span> 
     </span>
     <span class='ocr_line' id='line_1_37' title="bbox 403 2799 1157 2861; baseline -0.004 -13"><span class='ocrx_word' id='word_1_203' title='bbox 403 2799 542 2856; x_wconf 89' lang='lat' dir='ltr'>filius,</span> <span class='ocrx_word' id='word_1_204' title='bbox 560 2816 734 2861; x_wconf 87' lang='lat' dir='ltr'>genera</span> <span class='ocrx_word' id='word_1_205' title='bbox 750 2803 1032 2859; x_wconf 85' lang='lat' dir='ltr'>leguminum</span> <span class='ocrx_word' id='word_1_206' title='bbox 1051 2815 1157 2846; x_wconf 90' lang='lat' dir='ltr'>coc-</span> 
     </span>
     <span class='ocr_line' id='line_1_38' title="bbox 404 2862 1158 2918; baseline -0.003 -11"><span class='ocrx_word' id='word_1_207' title='bbox 404 2867 557 2908; x_wconf 84' lang='lat' dir='ltr'>torum</span> <span class='ocrx_word' id='word_1_208' title='bbox 589 2862 650 2907; x_wconf 89' lang='lat' dir='ltr'>ad</span> <span class='ocrx_word' id='word_1_209' title='bbox 683 2863 943 2907; x_wconf 88' lang='lat' dir='ltr'>convivium</span> <span class='ocrx_word' id='word_1_210' title='bbox 966 2866 1158 2918; x_wconf 87' lang='lat' dir='ltr'>propter</span> 
     </span>
     <span class='ocr_line' id='line_1_39' title="bbox 405 2922 1157 2969; baseline -0.004 -1"><span class='ocrx_word' id='word_1_211' title='bbox 405 2922 614 2969; x_wconf 85' lang='lat' dir='ltr'>luxuriae</span> <span class='ocrx_word' id='word_1_212' title='bbox 657 2922 1049 2967; x_wconf 81' lang='lat' dir='ltr'>continuationem</span> <span class='ocrx_word' id='word_1_213' title='bbox 1088 2935 1157 2966; x_wconf 85' lang='lat' dir='ltr'>re-</span> 
     </span>
    </p>
   </div>
   <div class='ocr_carea' id='block_1_6' title="bbox 1237 1676 1996 2976">
    <p class='ocr_par' dir='ltr' id='par_1_10' title="bbox 1237 1676 1994 2549">
     <span class='ocr_line' id='line_1_40' title="bbox 1238 1676 1987 1731; baseline -0.003 -9"><span class='ocrx_word' id='word_1_214' title='bbox 1238 1676 1439 1727; x_wconf 84' lang='lat' dir='ltr'>vocavit,</span> <span class='ocrx_word' id='word_1_215' title='bbox 1474 1676 1706 1731; x_wconf 77' lang='lat' dir='ltr'>Lamprid.</span> <span class='ocrx_word' id='word_1_216' title='bbox 1726 1676 1772 1719; x_wconf 93' lang='lat' dir='ltr'>in</span> <span class='ocrx_word' id='word_1_217' title='bbox 1800 1676 1898 1719; x_wconf 90' lang='lat' dir='ltr'>vita</span> <span class='ocrx_word' id='word_1_218' title='bbox 1918 1677 1987 1721; x_wconf 80' lang='lat'>11.</span> 
     </span>
     <span class='ocr_line' id='line_1_41' title="bbox 1237 1735 1987 1792; baseline -0.001 -13"><span class='ocrx_word' id='word_1_219' title='bbox 1237 1737 1422 1792; x_wconf 87' lang='lat' dir='ltr'>pisam</span> <span class='ocrx_word' id='word_1_220' title='bbox 1456 1735 1662 1791; x_wconf 92' lang='lat' dir='ltr'>depisam</span> <span class='ocrx_word' id='word_1_221' title='bbox 1693 1736 1792 1779; x_wconf 78' lang='lat'>202.</span> <span class='ocrx_word' id='word_1_222' title='bbox 1814 1735 1911 1779; x_wconf 87' lang='lat'>204.</span> <span class='ocrx_word' id='word_1_223' title='bbox 1937 1761 1987 1766; x_wconf 42' lang='lat'>*-</span> 
     </span>
     <span class='ocr_line' id='line_1_42' title="bbox 1239 1795 1989 1850; baseline -0.001 -12"><span class='ocrx_word' id='word_1_224' title='bbox 1239 1796 1580 1850; x_wconf 83' lang='lat' dir='ltr'>despumav.</span> <span class='ocrx_word' id='word_1_225' title='bbox 1629 1795 1725 1838; x_wconf 89' lang='lat'>193.</span> <span class='ocrx_word' id='word_1_226' title='bbox 1772 1819 1825 1824; x_wconf 76' lang='lat'>—-</span> <span class='ocrx_word' id='word_1_227' title='bbox 1871 1808 1989 1838; x_wconf 90' lang='lat' dir='ltr'>cum</span> 
     </span>
     <span class='ocr_line' id='line_1_43' title="bbox 1239 1854 1989 1909; baseline -0.004 -10"><span class='ocrx_word' id='word_1_228' title='bbox 1239 1854 1414 1899; x_wconf 88' lang='lat' dir='ltr'>bibat</span> <span class='ocrx_word' id='word_1_229' title='bbox 1452 1858 1492 1903; x_wconf 77' lang='grc' dir='ltr'>β.</span> <span class='ocrx_word' id='word_1_230' title='bbox 1538 1854 1635 1896; x_wconf 88' lang='lat'>203.</span> <span class='ocrx_word' id='word_1_231' title='bbox 1684 1878 1735 1883; x_wconf 84' lang='lat'>—</span> <span class='ocrx_word' id='word_1_232' title='bbox 1781 1854 1989 1909; x_wconf 82' lang='lat' dir='ltr'>agitas</span> 
     </span>
     <span class='ocr_line' id='line_1_44' title="bbox 1241 1913 1992 1967; baseline -0.001 -10"><span class='ocrx_word' id='word_1_233' title='bbox 1241 1914 1435 1957; x_wconf 88' lang='lat' dir='ltr'>mittis</span> <span class='ocrx_word' id='word_1_234' title='bbox 1469 1926 1556 1955; x_wconf 89' lang='lat' dir='ltr'>om.</span> <span class='ocrx_word' id='word_1_235' title='bbox 1593 1913 1663 1957; x_wconf 90' lang='lat' dir='ltr'>ed.</span> <span class='ocrx_word' id='word_1_236' title='bbox 1697 1925 1764 1967; x_wconf 89' lang='lat' dir='ltr'>pr.</span> <span class='ocrx_word' id='word_1_237' title='bbox 1796 1938 1848 1942; x_wconf 85' lang='lat'>—-</span> <span class='ocrx_word' id='word_1_238' title='bbox 1882 1925 1992 1956; x_wconf 86' lang='lat' dir='ltr'>ova</span> 
     </span>
     <span class='ocr_line' id='line_1_45' title="bbox 1242 1972 1990 2028; baseline -0.004 -12"><span class='ocrx_word' id='word_1_239' title='bbox 1242 1987 1293 2028; x_wconf 89' lang='lat' dir='ltr'>q.</span> <span class='ocrx_word' id='word_1_240' title='bbox 1326 1986 1359 2017; x_wconf 88' lang='lat' dir='ltr'>s.</span> <span class='ocrx_word' id='word_1_241' title='bbox 1395 1972 1447 2014; x_wconf 90' lang='lat' dir='ltr'>in</span> <span class='ocrx_word' id='word_1_242' title='bbox 1479 1977 1623 2015; x_wconf 81' lang='lat' dir='ltr'>sext.</span> <span class='ocrx_word' id='word_1_243' title='bbox 1658 1972 1758 2015; x_wconf 84' lang='lat'>306.</span> <span class='ocrx_word' id='word_1_244' title='bbox 1804 1997 1855 2001; x_wconf 82' lang='lat'>-</span> <span class='ocrx_word' id='word_1_245' title='bbox 1903 1972 1990 2027; x_wconf 84' lang='lat' dir='ltr'>pi-</span> 
     </span>
     <span class='ocr_line' id='line_1_46' title="bbox 1241 2030 1990 2086; baseline -0.004 -10"><span class='ocrx_word' id='word_1_246' title='bbox 1241 2045 1334 2076; x_wconf 88' lang='lat' dir='ltr'>sae</span> <span class='ocrx_word' id='word_1_247' title='bbox 1366 2031 1411 2074; x_wconf 91' lang='lat' dir='ltr'>in</span> <span class='ocrx_word' id='word_1_248' title='bbox 1444 2031 1607 2086; x_wconf 88' lang='lat' dir='ltr'>pisam.</span> <span class='ocrx_word' id='word_1_249' title='bbox 1629 2057 1683 2062; x_wconf 97' lang='lat'>—</span> <span class='ocrx_word' id='word_1_250' title='bbox 1717 2030 1990 2074; x_wconf 88' lang='lat' dir='ltr'>ducatius</span> 
     </span>
     <span class='ocr_line' id='line_1_47' title="bbox 1244 2090 1991 2145; baseline -0.001 -11"><span class='ocrx_word' id='word_1_251' title='bbox 1244 2092 1343 2134; x_wconf 87' lang='grc'>140.</span> <span class='ocrx_word' id='word_1_252' title='bbox 1379 2090 1588 2134; x_wconf 81' lang='lat' dir='ltr'>conciola</span> <span class='ocrx_word' id='word_1_253' title='bbox 1621 2090 1834 2145; x_wconf 83' lang='lat' dir='ltr'>coquit-ur</span> <span class='ocrx_word' id='word_1_254' title='bbox 1852 2090 1896 2132; x_wconf 91' lang='lat' dir='ltr'>in</span> <span class='ocrx_word' id='word_1_255' title='bbox 1917 2103 1991 2133; x_wconf 87' lang='lat' dir='ltr'>cu-</span> 
     </span>
     <span class='ocr_line' id='line_1_48' title="bbox 1243 2149 1991 2193; baseline -0.001 0"><span class='ocrx_word' id='word_1_256' title='bbox 1243 2162 1370 2193; x_wconf 90' lang='lat' dir='ltr'>mara</span> <span class='ocrx_word' id='word_1_257' title='bbox 1402 2150 1500 2192; x_wconf 91' lang='lat'>203.</span> <span class='ocrx_word' id='word_1_258' title='bbox 1536 2154 1587 2192; x_wconf 90' lang='lat' dir='ltr'>ut</span> <span class='ocrx_word' id='word_1_259' title='bbox 1619 2149 1688 2193; x_wconf 91' lang='lat' dir='ltr'>ius</span> <span class='ocrx_word' id='word_1_260' title='bbox 1716 2149 1761 2191; x_wconf 90' lang='lat' dir='ltr'>in</span> <span class='ocrx_word' id='word_1_261' title='bbox 1791 2149 1991 2192; x_wconf 87' lang='lat' dir='ltr'>caccabo</span> 
     </span>
     <span class='ocr_line' id='line_1_49' title="bbox 1243 2208 1992 2265; baseline -0.003 -13"><span class='ocrx_word' id='word_1_262' title='bbox 1243 2213 1457 2265; x_wconf 90' lang='lat' dir='ltr'>paratum</span> <span class='ocrx_word' id='word_1_263' title='bbox 1520 2208 1782 2252; x_wconf 80' lang='lat' dir='ltr'>combibere</span> <span class='ocrx_word' id='word_1_264' title='bbox 1828 2208 1992 2262; x_wconf 83' lang='lat' dir='ltr'>possit,</span> 
     </span>
     <span class='ocr_line' id='line_1_50' title="bbox 1246 2267 1992 2322; baseline -0.004 -9"><span class='ocrx_word' id='word_1_265' title='bbox 1246 2282 1302 2313; x_wconf 88' lang='lat' dir='ltr'>eo</span> <span class='ocrx_word' id='word_1_266' title='bbox 1334 2268 1533 2311; x_wconf 89' lang='lat' dir='ltr'>mittitur</span> <span class='ocrx_word' id='word_1_267' title='bbox 1574 2267 1729 2322; x_wconf 91' lang='lat' dir='ltr'>ibique</span> <span class='ocrx_word' id='word_1_268' title='bbox 1770 2268 1869 2311; x_wconf 85' lang='lat' dir='ltr'>ovis</span> <span class='ocrx_word' id='word_1_269' title='bbox 1902 2267 1992 2310; x_wconf 90' lang='lat' dir='ltr'>dis-</span> 
     </span>
     <span class='ocr_line' id='line_1_51' title="bbox 1247 2326 1994 2382; baseline -0.004 -11"><span class='ocrx_word' id='word_1_270' title='bbox 1247 2327 1412 2371; x_wconf 88' lang='lat' dir='ltr'>solutis</span> <span class='ocrx_word' id='word_1_271' title='bbox 1451 2327 1521 2380; x_wconf 13' lang='lat' dir='ltr'>ivus</span> <span class='ocrx_word' id='word_1_272' title='bbox 1559 2326 1767 2382; x_wconf 84' lang='lat' dir='ltr'>agitatur</span> <span class='ocrx_word' id='word_1_273' title='bbox 1799 2331 1845 2370; x_wconf 87' lang='lat' dir='ltr'>ct</span> <span class='ocrx_word' id='word_1_274' title='bbox 1879 2326 1994 2370; x_wconf 90' lang='lat' dir='ltr'>obli-</span> 
     </span>
     <span class='ocr_line' id='line_1_52' title="bbox 1247 2385 1994 2443; baseline -0.003 -13"><span class='ocrx_word' id='word_1_275' title='bbox 1247 2391 1398 2443; x_wconf 88' lang='lat' dir='ltr'>gatur,</span> <span class='ocrx_word' id='word_1_276' title='bbox 1433 2391 1483 2429; x_wconf 90' lang='lat' dir='ltr'>ut</span> <span class='ocrx_word' id='word_1_277' title='bbox 1513 2386 1648 2440; x_wconf 88' lang='lat' dir='ltr'>plene</span> <span class='ocrx_word' id='word_1_278' title='bbox 1673 2385 1806 2428; x_wconf 90' lang='lat' dir='ltr'>simul</span> <span class='ocrx_word' id='word_1_279' title='bbox 1825 2397 1994 2441; x_wconf 89' lang='lat' dir='ltr'>coqua—</span> 
     </span>
     <span class='ocr_line' id='line_1_53' title="bbox 1248 2444 1994 2499; baseline -0.004 -9"><span class='ocrx_word' id='word_1_280' title='bbox 1248 2451 1336 2497; x_wconf 89' lang='lat' dir='ltr'>tur,</span> <span class='ocrx_word' id='word_1_281' title='bbox 1384 2449 1535 2488; x_wconf 87' lang='lat' dir='ltr'>totum</span> <span class='ocrx_word' id='word_1_282' title='bbox 1580 2446 1627 2488; x_wconf 92' lang='lat' dir='ltr'>in</span> <span class='ocrx_word' id='word_1_283' title='bbox 1672 2444 1871 2499; x_wconf 88' lang='lat' dir='ltr'>priorem</span> <span class='ocrx_word' id='word_1_284' title='bbox 1920 2457 1994 2488; x_wconf 86' lang='lat' dir='ltr'>cu-</span> 
     </span>
     <span class='ocr_line' id='line_1_54' title="bbox 1249 2505 1728 2549; baseline -0.004 0"><span class='ocrx_word' id='word_1_285' title='bbox 1249 2516 1431 2549; x_wconf 90' lang='lat' dir='ltr'>manam</span> <span class='ocrx_word' id='word_1_286' title='bbox 1463 2505 1728 2548; x_wconf 87' lang='lat' dir='ltr'>remittitur.</span> 
     </span>
    </p>

    <p class='ocr_par' dir='ltr' id='par_1_11' title="bbox 1245 2562 1996 2976">
     <span class='ocr_line' id='line_1_55' title="bbox 1335 2562 1992 2607; baseline -0.003 0"><span class='ocrx_word' id='word_1_287' title='bbox 1335 2563 1396 2607; x_wconf 88' lang='lat' dir='ltr'>ad</span> <span class='ocrx_word' id='word_1_288' title='bbox 1427 2564 1528 2607; x_wconf 84' lang='lat'>206.</span> <span class='ocrx_word' id='word_1_289' title='bbox 1563 2576 1621 2607; x_wconf 88' lang='lat' dir='ltr'>an</span> <span class='ocrx_word' id='word_1_290' title='bbox 1653 2562 1992 2606; x_wconf 80' lang='lat' dir='ltr'>farcies?——</span> 
     </span>
     <span class='ocr_line' id='line_1_56' title="bbox 1246 2622 1993 2678; baseline -0.005 -11"><span class='ocrx_word' id='word_1_291' title='bbox 1246 2623 1416 2668; x_wconf 85' lang='lat' dir='ltr'>levas</span> <span class='ocrx_word' id='word_1_292' title='bbox 1450 2636 1566 2666; x_wconf 87' lang='lat' dir='ltr'>corr.</span> <span class='ocrx_word' id='word_1_293' title='bbox 1600 2635 1684 2678; x_wconf 90' lang='lat' dir='ltr'>pro</span> <span class='ocrx_word' id='word_1_294' title='bbox 1713 2622 1903 2665; x_wconf 88' lang='lat' dir='ltr'>lavas.</span> <span class='ocrx_word' id='word_1_295' title='bbox 1939 2647 1993 2654; x_wconf 89' lang='grc'>-</span> 
     </span>
     <span class='ocr_line' id='line_1_57' title="bbox 1246 2680 1995 2726; baseline -0.003 0"><span class='ocrx_word' id='word_1_296' title='bbox 1246 2682 1327 2726; x_wconf 91' lang='lat' dir='ltr'>ibi</span> <span class='ocrx_word' id='word_1_297' title='bbox 1375 2682 1576 2725; x_wconf 82' lang='lat' dir='ltr'>deinde?</span> <span class='ocrx_word' id='word_1_298' title='bbox 1632 2686 1696 2724; x_wconf 75' lang='lat' dir='ltr'>an&#39;</span> <span class='ocrx_word' id='word_1_299' title='bbox 1747 2680 1846 2724; x_wconf 89' lang='lat' dir='ltr'>ubi</span> <span class='ocrx_word' id='word_1_300' title='bbox 1895 2693 1995 2725; x_wconf 89' lang='lat' dir='ltr'>cum</span> 
     </span>
     <span class='ocr_line' id='line_1_58' title="bbox 1245 2740 1993 2797; baseline -0.004 -12"><span class='ocrx_word' id='word_1_301' title='bbox 1245 2755 1344 2797; x_wconf 90' lang='lat' dir='ltr'>pur.</span> <span class='ocrx_word' id='word_1_302' title='bbox 1393 2742 1419 2784; x_wconf 94' lang='lat' dir='ltr'>i.</span> <span class='ocrx_word' id='word_1_303' title='bbox 1471 2754 1510 2784; x_wconf 91' lang='lat' dir='ltr'>e.</span> <span class='ocrx_word' id='word_1_304' title='bbox 1557 2740 1601 2783; x_wconf 88' lang='lat' dir='ltr'>in</span> <span class='ocrx_word' id='word_1_305' title='bbox 1648 2740 1729 2783; x_wconf 90' lang='lat' dir='ltr'>illo</span> <span class='ocrx_word' id='word_1_306' title='bbox 1776 2740 1906 2784; x_wconf 78' lang='lat' dir='ltr'>iure?</span> <span class='ocrx_word' id='word_1_307' title='bbox 1939 2764 1993 2770; x_wconf 79' lang='lat'>—-—</span> 
     </span>
     <span class='ocr_line' id='line_1_59' title="bbox 1248 2800 1995 2855; baseline -0.001 -11"><span class='ocrx_word' id='word_1_308' title='bbox 1248 2800 1562 2845; x_wconf 81' lang='lat' dir='ltr'>conditam.</span> <span class='ocrx_word' id='word_1_309' title='bbox 1600 2800 1646 2843; x_wconf 90' lang='lat' dir='ltr'>in</span> <span class='ocrx_word' id='word_1_310' title='bbox 1693 2813 1784 2843; x_wconf 89' lang='lat' dir='ltr'>uno</span> <span class='ocrx_word' id='word_1_311' title='bbox 1832 2803 1863 2850; x_wconf 76' lang='grc' dir='ltr'>β</span> <span class='ocrx_word' id='word_1_312' title='bbox 1910 2812 1995 2855; x_wconf 92' lang='lat' dir='ltr'>pro</span> 
     </span>
     <span class='ocr_line' id='line_1_60' title="bbox 1248 2859 1995 2916; baseline -0.003 -12"><span class='ocrx_word' id='word_1_313' title='bbox 1248 2859 1617 2904; x_wconf 87' lang='lat' dir='ltr'>conditas.-—</span> <span class='ocrx_word' id='word_1_314' title='bbox 1647 2859 1995 2916; x_wconf 86' lang='lat' dir='ltr'>angularem</span> 
     </span>
     <span class='ocr_line' id='line_1_61' title="bbox 1249 2918 1996 2976; baseline -0.004 -11"><span class='ocrx_word' id='word_1_315' title='bbox 1249 2933 1305 2965; x_wconf 83' lang='lat' dir='ltr'>ex</span> <span class='ocrx_word' id='word_1_316' title='bbox 1355 2919 1450 2962; x_wconf 87' lang='lat'>194.</span> <span class='ocrx_word' id='word_1_317' title='bbox 1496 2920 1581 2963; x_wconf 71' lang='lat'>265</span> <span class='ocrx_word' id='word_1_318' title='bbox 1656 2934 1739 2976; x_wconf 85' lang='lat' dir='ltr'>pro</span> <span class='ocrx_word' id='word_1_319' title='bbox 1796 2918 1996 2964; x_wconf 84' lang='lat' dir='ltr'>conci-</span> 
     </span>
    </p>
   </div>
  </div>
 </body>
</html>
