2098 3470
352 295 457 351 120

1002 295 1099 341 Lib.
1140 294 1211 340 VI.
1277 296 1517 353 Tropetes.

460 429 583 482 223.
639 430 714 482 In
765 429 1143 498 palumbiS,
1198 429 1538 483 columbis
1594 428 1814 501 [avibus,
1878 429 1930 482 in

347 502 493 556 altile
536 508 587 556 et
624 504 679 556 in
708 503 1058 575 fenicoptero]
1100 503 1391 557 inassis:
1432 503 1602 572 piper,
1631 503 1929 571 ligisticum,

346 577 697 645 coriandrum,
757 595 985 643 careum,
1040 594 1228 647 cepam
1280 577 1494 643 siccam,
1547 583 1796 645 mentam,
1848 578 1932 631 ovi

344 650 595 718 vitellum,
652 652 922 719 cariotam,
958 648 1079 719 mel,
1144 656 1369 719 acetum,
1422 651 1704 719 liquamen,
1759 653 1931 707 oleum

346 729 398 779 et
439 725 630 777 vinum.

460 800 582 853 224.
646 799 811 853 Aliter
862 799 1042 853 elixis:
1094 800 1264 871 piper,
1319 815 1549 865 careum,
1603 799 1691 867 api
1737 816 1935 863 semen,

348 872 749 945 [petresilinum]
778 873 1187 939 condimentum,
1201 874 1502 940 hortariam,
1528 874 1797 941 cariotam,
1813 874 1934 941 mel,

346 952 575 1015 acetum,
619 948 796 1000 vinum
825 953 876 1002 et
904 949 1079 1001 oleum
1105 948 1317 1001 modice
1358 953 1411 1001 et
1450 964 1669 1015 senape.

462 1023 585 1075 225.
649 1022 844 1076 Aliter:
888 1023 1056 1093 piper,
1100 1022 1401 1090 ligisticum,
1432 1021 1814 1089 petrosilinum,
1848 1020 1938 1090 api

349 1113 551 1163 semen,
593 1100 778 1162 rutam,
819 1098 1056 1164 nucleOS,
1113 1096 1382 1162 cariotam,
1424 1096 1545 1162 mel,
1599 1100 1825 1163 acetum,
1879 1096 1936 1147 li-

350 1187 596 1238 quamen,
639 1186 843 1239 senape
884 1177 936 1224 et
975 1172 1150 1225 oleum
1188 1170 1415 1223 modice.

463 1246 586 1298 226.
650 1244 843 1298 Aliter:
886 1245 1056 1316 piper,
1096 1244 1399 1312 ligisticum,
1441 1244 1584 1296 lasar
1611 1242 1804 1309 vivum,
1834 1242 1939 1296 suf-

347 1317 527 1371 fundis
576 1319 878 1386 liquamine,
933 1320 1054 1372 vino
1098 1324 1150 1372 et
1200 1318 1485 1386 liquamine
1524 1316 1847 1385 temperabis
1889 1321 1941 1370 et

348 1392 508 1446 mittis
550 1410 709 1461 super
751 1394 1050 1447 columbum
1071 1393 1157 1447 vel
1180 1393 1501 1461 palumbum.
1532 1391 1717 1462 pipere
1757 1408 1938 1459 aspar-

349 1483 465 1520 sum
504 1467 718 1520 inferes.

465 1543 590 1595 227.
654 1543 767 1594 lus
806 1542 873 1593 in
915 1541 1224 1594 diversis
1266 1540 1543 1594 avibus:
1585 1539 1756 1609 piper,
1799 1539 1939 1592 cimi-

350 1632 474 1668 num
533 1615 762 1682 frictum,
823 1614 1125 1682 ligisticum,
1183 1620 1433 1680 mentam,

1512 1631 1667 1666 uvam
1726 1630 1941 1682 passam

353 1691 691 1744 enucleatam
732 1695 823 1742 aut
863 1689 1206 1755 damascena,
1248 1689 1355 1742 mel
1394 1688 1621 1741 modice.
1662 1687 1783 1740 vino
1821 1687 1939 1739 mir-

350 1769 438 1817 teo
480 1764 824 1834 temperabiS,
866 1768 1037 1830 aceto,
1090 1763 1378 1830 liquamine
1421 1769 1473 1816 ct
1513 1763 1705 1816 oleum.
1745 1761 1941 1815 calefa-

350 1838 459 1893 cies
502 1844 554 1892 et
593 1838 823 1906 agit-abis
862 1838 985 1906 apio
1029 1842 1080 1891 et
1119 1836 1369 1891 satureia.

352 1990 464 2037 tum,
497 1985 610 2029 milii
642 1999 803 2042 genus,
848 1985 920 2029 cui
951 1985 1103 2030 adhuc

350 2045 398 2089 id
430 2058 609 2088 nomen.

442 2104 503 2148 ad
537 2105 636 2147 223.
671 2103 853 2159 aliquot
878 2103 1021 2148 verba
1037 2104 1101 2147 in-

352 2163 469 2208 clusi
524 2176 553 2207 a
605 2163 795 2207 librario
842 2163 962 2208 male
1015 2162 1103 2208 huc

351 2223 581 2267 translata
613 2227 661 2266 et
691 2222 735 2266 in
770 2235 862 2266 uno
886 2222 1102 2267 lemmate

352 2283 553 2328 collecta
585 2295 642 2326 ex
674 2282 774 2325 227.
808 2283 907 2325 232.
943 2282 1041 2326 234.

441 2342 503 2385 ad
521 2342 620 2384 224.
656 2354 924 2385 carenum
944 2342 996 2389 ζπ
1013 2355 1105 2385 non

354 2415 446 2446 uno
479 2401 584 2445 loco
621 2401 720 2444 230.
746 2426 794 2430 ——
823 2401 1103 2456 petrosH.

354 2462 815 2516 interpretamentum
836 2466 922 2510 est,
954 2460 1015 2503 ad
1033 2460 1102 2503 56.

355 2546 410 2553 -
459 2534 544 2576 pro
593 2519 882 2563 mortaria
925 2519 1101 2563 emend.

353 2585 405 2624 ut
445 2579 546 2623 470.
589 2578 937 2629 hortariam,
986 2591 1104 2634 quae

354 2651 528 2695 cepaea
571 2637 709 2681 Plinii
751 2637 822 2688 26,
855 2637 924 2681 84.
971 2638 1103 2682 Dios-

354 2698 501 2743 coridi
559 2698 601 2748 3,
664 2696 761 2740 158.
820 2701 976 2749 κηπαία
1042 2696 1109 2740 di-

354 2758 489 2809 citur,
529 2754 905 2811 zwiebelpfeffer,
947 2755 1108 2800 sedum

355 2828 530 2872 cepaea
560 2816 612 2859 L.
1002 2819 1007 2826 ·

443 2876 506 2919 ad
539 2875 638 2919 225.
674 2874 809 2918 deest
841 2873 887 2918 in
918 2886 1017 2929 par.

443 2934 505 2979 ad
525 2935 624 2979 226.
659 2933 914 2978 laserum
946 2933 991 2976 in
1009 2945 1105 2984 sex,

1193 1984 1458 2028 laserem
1500 1997 1597 2039 par.
1645 2010 1697 2015 —
1742 1997 1825 2039 pro
1859 1983 1943 2027 vi-

1192 2058 1320 2088 num
1355 2057 1470 2093 corr,
1500 2044 1693 2087 vivum
1727 2042 1807 2098 (ad
1825 2042 1944 2095 243),

1193 2103 1358 2147 lasaris
1387 2103 1589 2147 radicem
1607 2104 1706 2146 231.
1726 2101 1823 2146 234.
1842 2102 1944 2145 238.

1192 2163 1291 2206 242.
1330 2162 1427 2206 245.
1462 2162 1694 2219 liquamen
1727 2166 1774 2206 et
1790 2161 1944 2205 vinum

1193 2226 1264 2266 est
1285 2234 1586 2277 oenogarum.
1610 2222 1707 2278 liq.
1734 2226 1944 2275 tempe-

1192 2281 1360 2325 rabis
1388 2281 1509 2325 idem
1532 2279 1627 2325 fere
1646 2280 1771 2336 quod
1790 2279 1943 2323 salies.

1287 2340 1347 2384 ad
1370 2341 1471 2383 227.
1509 2353 1646 2394 „aves
1670 2339 1946 2395 intellegan-

1196 2404 1271 2443 tur
1301 2412 1528 2455 passeres,
1555 2399 1774 2449 merulae,
1797 2397 1945 2442 scolo-

1194 2472 1349 2514 paces‚
1382 2458 1721 2515 porphyriones
1751 2458 1779 2501 i.
1806 2470 1844 2501 e.
1878 2455 1945 2500 fu-

1196 2518 1313 2562 licae
1346 2517 1696 2575 porphyiiones,
1741 2515 1946 2560 ciconiae

1195 2590 1267 2633 ap.
1302 2578 1463 2621 Horat.
1493 2582 1579 2621 sat.
1600 2578 1641 2627 2,
1660 2578 1701 2627 2,
1722 2576 1792 2620 49.
1827 2574 1943 2617 Plin.

1197 2637 1267 2687 10,
1301 2637 1369 2680 60.
1403 2635 1598 2680 Anthol.
1633 2636 1734 2678 Lat.
1771 2634 1872 2677 780.
1893 2659 1943 2663 -—

1203 2694 1445 2738 frictum
1487 2695 1549 2738 ad
1580 2696 1681 2737 212.
1715 2718 1767 2723 --
1812 2692 1944 2735 mir-

1199 2759 1300 2798 teo
1334 2766 1430 2809 par.
1466 2754 1519 2796 H.
1564 2767 1649 2809 pro
1681 2752 1855 2795 mirto
1891 2776 1944 2781 ——-

1199 2813 1323 2869 liqu
1336 2825 1363 2856 a
1376 2826 1419 2856 m
1433 2826 1458 2856 e
1470 2826 1498 2855 n
1516 2813 1563 2856 in
1580 2811 1801 2868 pluribus.
1821 2809 1947 2866 quod

1197 2872 1237 2917 Si
1284 2885 1455 2922 verum,
1504 2872 1721 2930 γαρέλαιον
1767 2869 1946 2916 intelle·

1196 2931 1398 2990 gendum
1432 2935 1515 2976 est.
