2098 3470
377 300 447 356 56
916 300 1014 345 Lib.
1051 300 1128 346 III.
1193 300 1411 358 Cepuros.

488 434 574 487 67.
621 432 1056 487 Cucurbitas.
1101 434 1170 486 ad
1209 433 1397 486 iustum
1441 434 1739 487 cucurbitas
1779 437 1958 487 coctas

374 524 660 578 expressas
699 507 752 560 in
786 512 984 576 patena
1019 525 1306 577 conpones.
1338 507 1539 560 adicies
1573 508 1625 560 in
1654 507 1957 560 mortarium

371 581 527 650 piper
568 587 619 635 et
659 582 922 648 ciminum,
974 582 1072 635 silfi
1113 581 1321 634 modice
1366 580 1437 653 [id
1478 586 1558 634 est
1595 582 1781 634 lasaris
1819 581 1957 633 radi-

372 654 525 727 cem],
567 660 736 708 rutam
776 655 1055 722 modicam,
1097 656 1383 721 liquamine
1426 660 1478 708 et
1509 660 1663 708 aceto
1696 661 1956 723 tempera-

367 729 465 795 bis,
508 729 683 782 mittes
724 729 1003 782 defrictum
1044 729 1307 782 modicum
1343 734 1398 781 ut
1423 730 1697 783 coloretur.
1738 730 1818 782 ius
1849 730 1956 782 exi-

367 803 553 856 nanies
605 804 658 856 in
714 803 929 872 patena.
986 821 1104 857 cum
1157 803 1409 856 fervuerit
1453 803 1640 857 iterum
1681 821 1745 856 ac
1785 803 1956 870 tertie,

368 876 608 946 depones
651 882 702 930 et
740 877 896 946 piper
934 878 1191 930 minutum
1231 894 1505 945 asparges

477 952 564 1004 68.
627 951 795 1004 Aliter
836 952 1134 1005 cucurbitas
1164 952 1277 1004 iure
1319 951 1729 1004 colocasiorum:
1774 968 1955 1005 cucur-

365 1024 506 1078 bitas
549 1042 746 1092 coques
788 1042 855 1079 ex
895 1042 1066 1092 aequa
1104 1025 1157 1077 in
1199 1025 1412 1077 modum
1444 1026 1841 1079 colocasiorum.
1881 1030 1955 1080 te-

364 1114 451 1152 res
491 1099 662 1168 piper,
701 1099 963 1166 ciminum,
998 1104 1185 1165 rutam,
1222 1099 1493 1151 suffundes
1522 1105 1748 1167 acetum,
1789 1100 1954 1166 liqua-

360 1189 500 1240 men,
554 1174 893 1241 temperabis
948 1174 1000 1225 in
1042 1174 1349 1227 caccabum.
1406 1173 1488 1226 cui
1528 1173 1730 1226 adicies
1772 1179 1823 1226 et
1863 1190 1955 1227 eas

361 1247 662 1301 cucurbitas
714 1247 910 1301 incisas
967 1263 1266 1315 expressas.
1327 1247 1379 1299 in
1426 1247 1506 1300 ius
1546 1247 1720 1300 mittes
1760 1257 1816 1300 ut
1853 1247 1954 1301 fer-

358 1326 534 1374 veant.
578 1322 753 1374 amolo
797 1321 1021 1388 obligaS,
1063 1321 1218 1390 piper
1257 1321 1503 1389 aspargis
1545 1331 1597 1374 et
1633 1321 1846 1375 inferes.

364 1452 529 1498 bitas
564 1453 636 1497 ad
667 1458 919 1509 gustum.
959 1465 1118 1509 „aspa-

362 1525 504 1569 ragos
539 1512 743 1557 callosos
788 1513 1009 1558 reddere⁶⁴
1047 1518 1118 1556 est

361 1571 494 1627 quasi
529 1571 648 1616 callo
677 1571 924 1623 obducere,
959 1577 1010 1615 ut
1026 1572 1118 1615 sint

359 1631 508 1674 minus
526 1631 717 1676 marcidi
731 1636 777 1675 et
794 1631 989 1683 flaccidi‚
1009 1643 1114 1675 caro

366 1703 525 1734 eorum
558 1691 712 1735 solida
744 1687 989 1747 firmaque,
1024 1705 1115 1734 non

359 1747 515 1794 fluida.
562 1749 618 1793 Of.
660 1748 864 1806 χονὸρὸς,
906 1748 1112 1805 χονδρώ-

360 1806 456 1860 δης,
535 1807 758 1864 knorpeI,
821 1808 1114 1866 knorpeligt‚

357 1866 624 1924 knarpelig‚
658 1868 936 1924 knopperig.

449 1926 511 1970 ad
545 1928 616 1972 67.
668 1928 880 1971 Disiunxi
899 1933 950 1972 ut
982 1928 1113 1972 vides

361 1989 408 2029 et
441 1999 497 2030 ex
531 1987 640 2030 edit.
691 2001 757 2041 pr.
793 1993 840 2031 et
871 1986 991 2030 hum.
1042 1988 1113 2031 ad

355 2050 597 2101 gustum
647 2046 780 2090 effeci
812 2047 873 2090 ad
905 2046 1111 2090 iustum

356 2108 409 2147 ut
446 2106 543 2148 120.
583 2105 810 2158 „inst-ata“
847 2119 903 2150 ex
929 2110 1112 2162 „gusta-

357 2166 451 2206 ta“.
486 2164 614 2219 quod
647 2165 861 2209 mendum
907 2178 962 2209 ex
1008 2178 1112 2220 pro-

355 2223 648 2268 nuntiatione
698 2229 847 2268 ortum
898 2229 945 2267 et
992 2225 1113 2268 intra

354 2295 519 2326 vocem
566 2283 771 2326 recurrit.
819 2282 874 2326 cf.
915 2282 1109 2326 Salmas.

356 2341 402 2383 in
436 2341 530 2385 Sol.
565 2355 608 2397 p.
642 2342 713 2385 43.
749 2354 777 2385 a
798 2341 852 2386 G.
874 2343 969 2385 137.
995 2355 1022 2384 a
1053 2342 1108 2386 D.

354 2399 475 2444 iuste
495 2405 654 2445 coctus
677 2402 772 2444 133.
810 2415 866 2445 ex
892 2402 989 2445 iure
1010 2403 1108 2444 131.

354 2458 416 2502 ad
448 2459 518 2502 54.
554 2485 606 2489 -—
641 2460 815 2515 piper
847 2465 904 2504 et
937 2474 984 2504 c.
1024 2474 1108 2515 pro

353 2518 535 2573 piper
577 2519 798 2563 cimex
829 2523 861 2571 ῥ’
890 2520 1108 2574 pipere

355 2590 469 2620 corr.
499 2581 557 2621 ut
590 2578 762 2622 arctius
790 2579 1039 2633 iungantur
1062 2583 1110 2622 et

354 2637 447 2679 sint
480 2637 828 2692 πεπεροκὺμινον
850 2636 1110 2692 Hierophili

353 2694 522 2739 medici
554 2694 598 2739 in
632 2696 801 2740 Ideleri
833 2696 967 2751 Corp.
995 2699 1032 2738 1.
1062 2709 1106 2751 p.

352 2753 454 2805 411,
488 2755 557 2797 29.
589 2780 643 2784 —
675 2755 967 2799 modicum
998 2772 1022 2809 γ
1050 2755 1105 2798 Η.

354 2812 579 2857 modici
612 2814 682 2857 ed.
717 2828 784 2869 pr.
850 2839 883 2843 —
929 2813 985 2857 id
1020 2818 1108 2857 est

353 2872 457 2915 138.
491 2872 609 2915 rad.
648 2873 825 2916 omittit
854 2889 892 2927 γ.
927 2897 981 2903 -
1016 2873 1104 2916 de-

352 2929 506 2980 fruti
538 2931 609 2980 ed.
642 2930 840 2980 defricto
859 2947 904 2976 77.
939 2931 996 2978 de
1017 2930 1104 2979 fre-

1209 1458 1258 1498 to
1291 1458 1322 1505 β
1363 1453 1483 1498 florr.
1518 1454 1576 1499 de
1609 1452 1779 1499 feretro
1811 1472 1847 1510 γ.
1897 1455 1954 1498 si-

1208 1513 1327 1557 milis
1371 1514 1568 1558 variatio
1616 1514 1710 1558 145.
1757 1513 1812 1558 cf.
1854 1515 1952 1558 251.

1208 1573 1307 1616 369.
1359 1572 1556 1618 defricto
1605 1574 1812 1617 colorare
1853 1574 1952 1624 284,

1208 1633 1308 1675 287.
1343 1633 1441 1676 337.
1462 1646 1607 1688 prope
1627 1638 1859 1676 cocturam
1879 1633 1952 1676 vel

1206 1691 1360 1735 media
1393 1697 1582 1736 coctura
1621 1693 1820 1735 mittitur
1852 1693 1951 1735 213.

1207 1751 1306 1794 216.
1341 1751 1440 1795 380.
1475 1752 1574 1795 381.
1596 1752 1695 1795 234.
1730 1752 1790 1795 ad
1811 1753 1876 1795 19.
1898 1777 1950 1782 -

1208 1810 1696 1866 coleturyflorr.ed.
1720 1811 1951 1866 pr.cole·

1206 1874 1362 1913 retur
1391 1886 1434 1911 π.
1457 1895 1508 1899 -ψ
1544 1870 1757 1914 iterum
1801 1870 1861 1913 ad
1879 1870 1951 1913 65.

1295 1929 1356 1971 ad
1388 1930 1455 1972 68-
1507 1929 1951 1973 colocesiorum

1207 1988 1308 2031 cod.
1348 1988 1441 2031 179.
1474 1989 1571 2032 208.
1603 1989 1701 2031 218.
1731 1989 1834 2032 325.
1851 1988 1950 2031 356.

1204 2048 1398 2090 variant.
1434 2052 1505 2091 est
1537 2047 1638 2091 olus
1670 2047 1886 2091 niliacum
1905 2051 1952 2091 et

1202 2106 1398 2150 Romam
1421 2107 1673 2162 perlatum:
1706 2119 1950 2163 praepara-

1204 2170 1300 2209 tum
1344 2179 1400 2210 ex
1443 2166 1584 2222 longa
1616 2171 1664 2210 et
1696 2178 1849 2210 crassa
1880 2178 1950 2208 ra-

1204 2225 1305 2268 dice
1353 2225 1425 2268 cui
1472 2230 1635 2281 gustus
1668 2226 1949 2276 tuberorum‚

1204 2283 1402 2327 dulcedo
1451 2284 1779 2335 avellanarum,
1828 2283 1949 2327 unde

1201 2342 1246 2384 in
1267 2342 1379 2385 cibis
1398 2342 1666 2394 lautissima,
1700 2343 1838 2386 hodie
1857 2343 1949 2386 cul-

1203 2414 1279 2445 cas
1313 2401 1452 2444 dicta.
1488 2402 1679 2445 Salmas.
1713 2402 1820 2459 Hyl.
1844 2402 1947 2446 iatr.

1201 2474 1244 2515 p.
1281 2461 1365 2504 198
1392 2460 1421 2504 b
1457 2460 1505 2505 C.
1540 2460 1752 2505 Schneid.
1767 2461 1827 2504 ad
1844 2461 1948 2504 Pal-

1201 2519 1292 2562 lad.
1339 2520 1381 2570 3,
1425 2519 1495 2570 24,
1542 2520 1609 2563 14.
1666 2545 1717 2550 ——
1761 2532 1948 2574 aequa

1201 2591 1314 2622 corr.
1359 2592 1443 2633 pro
1488 2591 1652 2634 aqua.
1694 2579 1754 2621 ad
1787 2578 1855 2621 54.
1892 2603 1946 2607 —

1199 2637 1353 2680 malim
1419 2637 1699 2681 concisas
1759 2637 1830 2679 48.
1889 2636 1946 2678 in

1199 2696 1291 2740 ius
1335 2696 1472 2739 codd.
1515 2696 1713 2739 otiosum
1747 2695 1945 2746 videtur,

1200 2755 1325 2810 quod
1386 2754 1435 2797 id
1501 2755 1591 2797 iam
1654 2755 1700 2797 in
1744 2754 1944 2798 caccabo

1199 2818 1282 2857 est.
1347 2814 1526 2857 tentavi
1576 2813 1738 2857 intus
1796 2818 1843 2857 et
1889 2813 1945 2856 in

1195 2873 1432 2916 iustum.
1465 2876 1516 2915 at
1546 2873 1598 2915 in
1631 2872 1719 2916 ius
1748 2872 1943 2916 mittis

1195 2932 1387 2976 recurrit
1422 2931 1519 2975 135.
