2098 3470
377 319 481 376 188

938 318 1037 365 Lib.
1072 320 1150 366 IX.
1193 319 1402 366 Talassa.

371 455 555 523 tegula
602 455 806 527 positos
859 454 1033 509 mittes
1083 454 1138 508 in
1163 454 1389 521 furnum,
1442 458 1534 506 aut
1571 452 1747 506 farsos
1779 453 1834 505 in
1874 452 1962 507 cli-

373 530 514 584 bano
556 545 770 599 coques.

619 676 890 746 Incipit
927 676 1129 746 Apici
1169 675 1368 730 Caeli
1408 675 1713 730 talassa.

1030 780 1161 833 LIB.
1204 780 1300 833 IX.

485 885 610 938 409.
650 884 764 936 Ius
794 882 863 936 in
894 883 1175 936 locusta
1207 886 1274 936 et
1307 881 1601 952 cappari
1644 880 1850 934 :indura
1882 897 1965 934 cc-

373 975 498 1028 pam
529 956 906 1027 pallachanam
940 957 1209 1010 concisam
1242 960 1295 1009 et
1320 956 1431 1009 ius:
1461 962 1635 1026 piper,
1664 955 1966 1022 ligisticum,

375 1049 607 1099 careum,
662 1031 924 1097 ciminum,
984 1030 1255 1096 cariotam,
1308 1030 1432 1098 mel,
1491 1034 1718 1096 acetum,
1772 1028 1967 1098 vinum,

373 1106 674 1174 liquamen,
713 1105 906 1172 oleum,
960 1104 1254 1160 defrictum.
1309 1103 1456 1159 ocius
1516 1103 1713 1158 adicito
1766 1119 1969 1172 senape

372 1181 429 1234 in
467 1180 701 1237 elixuriS.

374 1314 421 1358 la
476 1313 660 1369 τήγανον
716 1325 799 1358 seu
844 1311 1029 1368 τάγηνον
1076 1314 1125 1356 et

376 1386 496 1431 quae
543 1386 682 1429 super
730 1385 785 1418 ea
839 1370 959 1416 frixa
1016 1374 1126 1415 sunt

375 1432 425 1474 τοὶ
473 1431 695 1488 τηγανιᾶστ
740 1436 789 1477 et
829 1444 957 1505 seqq.
1008 1442 1126 1487 quae

290 1494 292 1497 ’
375 1494 443 1538 sic
490 1495 788 1548 apponuntur
820 1490 908 1531 ἄπο
953 1504 1035 1535 seu
1082 1488 1128 1530 ἐκ

376 1568 452 1608 ray
456 1551 562 1605 'prov
576 1551 895 1602 comeduntur,
915 1548 1128 1605 Alciphr.

376 1625 420 1667 p.
468 1611 541 1663 81,
572 1611 641 1655 10.
678 1610 750 1655 ed.
788 1609 923 1654 Mein.
952 1607 1128 1653 Athen.

377 1671 419 1721 6,
454 1670 520 1714 14.
555 1671 598 1721 3,
633 1671 700 1714 74.
735 1666 811 1714 fin.
847 1681 949 1713 cum
979 1667 1128 1712 Schw.

376 1742 461 1774 nos
494 1729 556 1773 ad
585 1729 687 1773 417.
734 1729 826 1773 cibi
861 1732 1025 1772 contra
1056 1740 1129 1771 su-

376 1802 462 1845 pra
494 1801 645 1846 pruna
669 1789 797 1839 tosti,
821 1787 1038 1844 άνθρακὶς,
1067 1785 1131 1841 ἐγ-

377 1853 561 1904 κρυφίαι,
604 1847 899 1906 encryphiae,
942 1846 1001 1890 de
1034 1846 1131 1902 qui-

375 1907 463 1952 bus
497 1906 714 1952 Heinrich
755 1907 817 1951 ad
848 1905 1052 1950 Iuvenal.
1086 1918 1131 1960 p.

379 1967 478 2020 161,
488 1966 564 2007 ἄπ’
576 1966 807 2023 ἄνθράκων
819 1966 1018 2011 eduntur
1033 1965 1133 2009 129·

466 2025 560 2070 Ad
591 2026 721 2071 libr.
743 2026 834 2070 IX.
868 2023 1135 2069 inscribitur

305 2079 307 2081 ’
380 2084 568 2126 θάλασσα
600 2085 728 2142 quod
758 2085 805 2129 in
837 2098 893 2130 eo
941 2083 1000 2128 de
1041 2084 1134 2139 pis-

378 2144 508 2190 cibus
541 2145 728 2189 marinis
770 2149 819 2189 et
850 2143 985 2189 salsis
1027 2155 1133 2187 con-

380 2204 595 2248 dimentis
673 2208 721 2249 et
795 2202 1132 2259 praeparandis

379 2263 594 2308 doctrina
626 2263 900 2308 continetur.

467 2322 529 2367 ad
560 2322 661 2367 409.
709 2323 781 2366 ius
820 2321 929 2366 add.
962 2333 1020 2365 ex
1050 2324 1128 2371 βπ.

379 2381 713 2426 —locusta
743 2380 933 2431 marina,
967 2392 1132 2424 cancer

381 2439 587 2497 elephas
619 2440 718 2485 Lin.
752 2440 1001 2496 langouste
1023 2437 1131 2483 Gral-

380 2501 542 2545 lorum.
600 2513 765 2553 „unum
815 2498 908 2544 hoc
958 2496 1130 2542 anima-

380 2559 506 2610 lium,
522 2558 611 2603 nisi
623 2559 780 2603 vivum
794 2557 993 2603 ferventi
1008 2569 1133 2612 aqua

379 2619 671 2674 incoquatur,
703 2617 847 2662 fluida
879 2629 1016 2661 carne
1039 2629 1133 2660 non

378 2677 524 2723 habet
563 2676 758 2722 callum⁴⁴
809 2675 927 2720 Plin.
970 2676 1013 2726 9,
1059 2675 1130 2719 95.

379 2737 503 2781 unde
521 2735 725 2791 explices
747 2734 868 2780 forte
895 2734 1132 2787 ,‚indura“.

380 2795 666 2851 capparis
693 2794 882 2850 literap
906 2793 1026 2837 male
1052 2793 1134 2836 du-

380 2854 557 2910 plicata
609 2858 657 2898 et
702 2866 787 2910 pro
830 2853 860 2898 b
907 2856 1135 2907 usurpata

380 2926 615 2969 porroque
657 2926 680 2956 r
731 2911 1020 2968 transposita
1062 2914 1135 2955 est

382 2972 639 3025 carabis,
672 2973 847 3028 καραβὶς
881 2970 1047 3016 Galeni
1077 2969 1131 3014 T.

1218 1310 1272 1354 19
1304 1323 1346 1366 p.
1380 1310 1483 1362 686,
1518 1309 1585 1353 18.
1611 1309 1778 1355 medici
1800 1309 1846 1353 in
1868 1308 1970 1354 Ide-

1215 1369 1299 1414 leri
1342 1369 1479 1426 Corp.
1513 1369 1557 1413 II
1588 1382 1632 1425 p.
1658 1369 1761 1422 260,
1793 1370 1834 1413 5.
1868 1368 1970 1420 263,

1217 1429 1257 1472 8.
1291 1429 1392 1480 266,
1427 1430 1496 1472 20.
1531 1429 1633 1480 269,
1673 1429 1745 1472 22.
1779 1428 1880 1479 280,
1914 1428 1970 1471 26

1218 1492 1270 1532 ut
1300 1491 1514 1543 καμμαρὶς
1546 1487 1711 1533 Galeni
1752 1487 1804 1531 T.
1850 1487 1889 1531 6.
1923 1499 1968 1542 p.

1220 1548 1321 1598 735,
1356 1548 1426 1592 17.
1450 1559 1619 1592 cancer
1635 1547 1724 1592 erit
1744 1560 1839 1593 non
1857 1545 1970 1590 mul-

1219 1612 1317 1651 tum
1359 1606 1570 1651 diversus
1616 1619 1645 1650 a
1690 1606 1971 1662 reliquorum

1221 1664 1443 1721 καμμάρῳ.
1477 1663 1535 1710 of.
1567 1665 1737 1710 Ianson
1768 1666 1814 1709 in
1842 1663 1970 1708 Iahn.

1219 1723 1412 1769 Archiv.
1462 1726 1529 1769 19.
1580 1738 1624 1780 p.
1683 1725 1782 1768 523.
1842 1736 1970 1780 seqq-

1220 1784 1356 1827 Hum.
1407 1797 1511 1828 eum
1568 1797 1659 1828 non
1707 1783 1972 1839 expiscatus

1221 1843 1406 1899 scripsit
1464 1843 1687 1888 carabo
1747 1847 1794 1888 et
1852 1842 1972 1887 male

1222 1902 1399 1959 pictum
1432 1903 1647 1946 induta
1679 1902 1750 1948 cd.
1794 1915 1862 1958 pr.
1896 1903 1973 1958 (θκ

1221 1962 1434 2006 lacunam
1465 1961 1655 2016 habent)
1700 1975 1793 2006 non
1835 1961 1972 2006 extri-

1225 2034 1334 2065 cans
1368 2034 1467 2065 cum
1501 2021 1717 2066 lemmate
1748 2021 1897 2065 iunxit
1925 2023 1974 2065 et

1226 2081 1476 2136 explicavit
1509 2094 1636 2133 „cum
1679 2084 1805 2135 testa
1845 2082 1970 2125 sua“.

1225 2140 1390 2185 eodem
1422 2140 1519 2184 iure
1555 2139 1816 2193 „indutam“
1863 2139 1973 2185 scri-

1223 2200 1378 2244 bendo
1414 2212 1516 2243 cum
1544 2202 1758 2254 „cepam“
1783 2199 1973 2255 iungere

1223 2262 1412 2314 poterat
1454 2271 1511 2302 ex
1553 2258 1679 2302 Pers.
1733 2257 1776 2310 4,
1817 2258 1890 2309 30,
1933 2258 1973 2302 si

1226 2318 1491 2372 „indura“
1527 2329 1638 2361 vera
1668 2317 1823 2368 lectio,
1850 2317 1973 2360 idem

1222 2382 1294 2422 est
1327 2377 1451 2432 quod
1483 2377 1652 2427 inassa,
1685 2376 1873 2432 paulum
1896 2374 1972 2419 fri-

1220 2450 1291 2492 ge.
1326 2436 1393 2480 sic
1425 2435 1671 2487 obdurare,
1712 2435 1872 2491 praed.
1905 2435 1974 2479 sic

1221 2495 1438 2539 indurata
1494 2499 1546 2539 ut
1603 2494 1787 2550 cepulla
1842 2493 1975 2537 arida

1221 2554 1322 2598 415.
1357 2558 1406 2598 et
1438 2566 1553 2610 cepa
1595 2554 1720 2597 sicca
1762 2553 1973 2609 pluribus

1222 2614 1337 2658 locis
1371 2627 1470 2658 cum
1504 2613 1607 2657 aliis
1639 2612 1883 2668 speciebus
1906 2616 1973 2656 tc-

1223 2673 1351 2717 ritur.
1373 2671 1632 2728 pallach.
1669 2672 1765 2715 145.
1802 2696 1851 2700 -
1886 2684 1972 2727 pro

1226 2732 1368 2783 eius„
1402 2732 1529 2787 quod
1558 2731 1691 2774 Hum.
1715 2729 1865 2781 eiecit,
1897 2729 1974 2774 vel

1223 2790 1359 2835 scrib.
1423 2794 1481 2835 et
1538 2790 1625 2833 ius
1682 2789 1758 2833 vel
1816 2789 1974 2833 eius-

1223 2849 1378 2894 modi
1410 2837 1536 2905 quod
1566 2849 1628 2892 sit
1656 2849 1757 2902 „vel
1783 2848 1973 2893 alterius

1223 2908 1434 2966 generis“
1471 2908 1567 2951 144.
1604 2907 1708 2959 ..vel
1734 2907 1973 2952 cuiuscun-

1226 2982 1314 3025 que
1347 2972 1489 3013 notae
1521 2967 1752 3013 volueris“
1796 2966 1971 3012 Colum.
