2098 3470
402 280 504 338 108

959 282 1058 329 Lib.
1082 284 1136 330 V.
1202 285 1414 343 Ospreos.

517 417 630 471 198Γ
683 418 906 472 Aliter
945 418 1166 487 pisam
1219 419 1369 472 sive
1421 418 1674 471 fabamz
1728 419 1814 473 ubi
1868 417 1984 471 des-

399 491 721 560 pumavcriS,
778 497 917 546 teres
969 494 1091 559 mel,
1145 493 1433 560 liquamen,
1489 509 1789 559 caroenum,
1845 492 1983 545 cimi-

400 582 543 631 num,
585 570 772 634 rutam,
815 568 904 635 api
944 583 1141 620 semen.
1187 567 1360 620 oleum
1404 573 1456 620 et
1493 567 1685 619 vinum.
1740 566 1986 621 turunda·

400 639 497 694 bis.
542 656 658 692 cum
700 641 886 711 pipere
926 641 1048 693 trito
1092 646 1145 694 et
1185 658 1302 694 cum
1343 640 1506 694 isiciis
1545 640 1759 695 inferes,

515 715 633 767 199.
678 716 895 768 Aliter
934 715 1155 783 pisam
1208 715 1344 768 sibi
1394 715 1651 768 fabam:
1708 715 1986 783 despuma-

398 791 504 840 tam
546 789 767 842 subtrito
807 790 983 843 lasare
1036 788 1259 858 particO,
1312 789 1598 855 liquamine
1653 793 1707 841 et
1760 805 1987 843 caroeno

399 861 632 917 condies
675 864 848 917 oleum
889 863 1099 917 modice
1140 862 1481 931 superfundis
1524 867 1575 916 et
1611 861 1827 916 inferes.

510 938 632 990 200.
688 937 913 990 Pisam
965 937 1357 990 adulteram
1403 938 1846 990 versatilem:
1902 953 1987 990 co-

399 1026 528 1078 ques
556 1012 744 1079 pisam.
791 1012 1056 1065 cerebella
1096 1012 1182 1065 vel
1221 1011 1459 1065 aucellas
1502 1012 1589 1065 vel
1640 1015 1807 1064 turtos
1837 1027 1988 1064 exos-

396 1089 543 1138 satos
583 1103 616 1139 a
655 1091 890 1154 pectore,
930 1086 1219 1152 lucanicaS,
1273 1085 1518 1152 iscinera,
1575 1085 1782 1153 gigeria
1821 1085 1987 1153 pullo-

394 1175 507 1212 rum
547 1159 599 1212 in
641 1162 930 1214 caccabum
972 1160 1147 1226 mittis,
1189 1160 1476 1226 liquamen,
1515 1160 1706 1213 oleum.
1761 1159 1985 1212 fascicu-

394 1233 502 1286 lum
542 1236 685 1305 porri
725 1234 960 1306 capitati,
1017 1234 1354 1288 coriandrum
1406 1233 1574 1287 viride
1632 1232 1883 1287 concides
1939 1238 1991 1287 et

398 1324 516 1361 cum
558 1310 837 1363 cerebellis
878 1325 1090 1376 coques.
1134 1314 1276 1362 teres
1316 1307 1495 1379 piper,
1540 1307 1825 1375 ligisticum
1853 1312 1905 1361 et
1930 1306 1988 1360 li-

398 1398 645 1451 quamen.

510 1458 631 1510 201.
674 1457 898 1510 Pisam
937 1456 1082 1510 sive
1122 1455 1356 1509 fabam
1397 1456 1868 1510 vitellianam:
1912 1456 1988 1524 pi-

398 1546 511 1584 sam
552 1532 665 1585 sive
704 1531 883 1585 fabam
925 1547 1138 1598 coques.
1183 1547 1301 1584 cum
1348 1531 1773 1601 despumaveriS,
1814 1531 1989 1583 mittes

396 1663 584 1709 Sallust.
627 1664 681 1709 fr.
728 1666 767 1716 1,
810 1666 879 1708 61.
925 1665 966 1716 2,
999 1664 1069 1708 28.
1103 1678 1146 1719 p.

396 1725 495 1768 138.
541 1726 639 1769 139.
684 1750 736 1756 —-
786 1724 945 1768 libas
985 1728 1147 1780 gustas

396 1783 494 1827 145.
531 1798 644 1828 corr.
678 1798 763 1840 pro
797 1784 932 1828 lias.
970 1809 1020 1813 w·
1056 1783 1143 1827 mi-

393 1844 476 1888 tis
507 1843 709 1899 mitigas,
750 1849 996 1898 temperas,
1030 1856 1144 1887 corr.

392 1916 478 1960 pro
511 1903 716 1947 mittis.
761 1903 811 1947 id
843 1916 1013 1947 novum
1045 1916 1144 1946 ver-

393 1963 502 2009 bum
545 1963 753 2007 nesciens
794 1963 926 2006 Hum.
956 1962 1146 2017 'scripsit

392 2036 436 2066 m
455 2022 507 2066 el
570 2022 771 2066 mittis.
837 2021 1143 2077 supplendum

480 2141 540 2184 ad
563 2139 658 2184 198.
690 2139 1143 2195 despumaverit

390 2205 434 2253 ,8.
471 2201 568 2243 193.
603 2199 985 2244 tutunclabis
1006 2199 1141 2243 codd.

390 2258 769 2304 tudiculabis
802 2258 933 2302 Hum.
963 2258 1023 2301 ad
1044 2259 1141 2301 191.

391 2344 445 2349 ——
480 2332 601 2363 cum
633 2317 839 2362 isiciis
872 2318 933 2360 ad
964 2319 1034 2361 93.
1069 2331 1141 2360 su-

389 2390 475 2433 pra
499 2379 798 2433 imponuntur
829 2375 1001 2420 Athen.
1022 2377 1065 2428 9,
1087 2376 1141 2419 15

388 2437 436 2480 in
468 2437 666 2481 Martial.
702 2437 743 2487 5,
778 2436 847 2486 78,
880 2437 920 2478 9.

478 2496 540 2540 ad
561 2497 657 2539 199.
690 2494 971 2550 parthico
1004 2494 1137 2537 Hum.

389 2559 490 2599 erat
531 2554 783 2599 secundum
828 2566 855 2597 a
894 2554 1138 2610 cyrenaico

387 2619 485 2658 tum
518 2614 768 2660 rarissimo.
812 2613 933 2656 Plin.
967 2613 1035 2663 19,
1067 2613 1137 2655 38.

391 2673 783 2730 -liquamen
816 2676 883 2727 βγ.

477 2732 657 2776 ad200.
691 2731 1140 2775 adulteramnon

386 2792 648 2848 genuinam,
681 2791 906 2846 impuram
924 2804 1015 2834 non
1035 2803 1141 2834 con-

389 2864 554 2907 coquo,
575 2850 682 2907 quia
700 2850 998 2905 vituperaret.
1036 2861 1141 2892 con-

386 2910 471 2955 ieci
500 2910 561 2956 ad
588 2910 841 2955 alteram
871 2909 966 2953 scil.
1002 2908 1142 2951 ratio-

1239 1676 1357 1714 nem,
1391 1663 1466 1707 vel
1499 1662 1559 1706 ad
1602 1663 1881 1714 alteram,
1925 1664 1990 1707 al-

1239 1728 1371 1767 terna
1404 1723 1519 1774 vice,
1552 1722 1757 1773 alternis,
1791 1722 1989 1767 alterna-

1239 1783 1338 1832 tim,
1370 1782 1445 1826 vel
1487 1782 1853 1832 matulleam,
1897 1795 1990 1826 ma-

1238 1841 1456 1892 tullit-am,
1501 1855 1557 1885 ex
1589 1841 1799 1886 altilibus
1833 1842 1989 1886 condi-

1238 1905 1349 1944 tam.
1385 1899 1439 1944 Cf.
1474 1899 1677 1953 ματύλλη,
1709 1900 1917 1944 matulla.
1937 1926 1988 1931 -—

1237 1974 1266 2003 v
1282 1974 1306 2004 e
1320 1974 1375 2004 rs
1390 1973 1417 2003 a
1431 1960 1548 2005 tile
1562 1973 1605 2002 m
1652 1972 1990 2015 ausgesonnen,

1236 2018 1475 2075 klug1‘22.
1512 2045 1562 2048 —v-
1599 2019 1897 2064 avicellas
1915 2019 1986 2064 ed.

1233 2092 1299 2134 pr.
1315 2079 1370 2123 H.
1393 2079 1488 2122 181.
1509 2104 1562 2111 -—
1596 2078 1795 2123 turdos
1827 2093 1988 2124 exos—

1233 2144 1406 2183 satos
1431 2151 1459 2181 a·
1482 2143 1727 2193 pectore
1748 2138 1987 2182 turdorum

1232 2198 1421 2253 pulpam
1469 2198 1526 2241 de
1557 2202 1755 2253 pectore
1797 2202 1988 2251 sectam,

1232 2256 1575 2308 bruststuecke‚
1609 2260 1801 2311 pectora
1827 2257 1987 2301 turdo-

1231 2330 1331 2359 rum
1367 2316 1463 2359 134.
1507 2328 1562 2360 ea
1594 2316 1712 2359 enim
1755 2328 1862 2371 pars
1905 2330 1985 2360 no-

1231 2375 1455 2419 bilissima
1499 2374 1773 2419 habebatur.
1819 2400 1870 2404 —
1915 2376 1983 2431 gi-

1230 2435 1355 2478 zeria
1386 2432 1541 2489 βγὸκθ.
1585 2434 1790 2489 ginzeria
1833 2434 1863 2481 ζ.
1898 2447 1982 2491 gy-

1231 2494 1354 2537 zeria
1394 2510 1436 2535 π.
1480 2493 1647 2537 zizeria
1689 2492 1759 2537 ed.
1805 2507 1872 2548 pr.
1919 2494 1980 2537 ad

1231 2553 1328 2596 141.
1375 2577 1430 2582 ——
1479 2552 1700 2607 intellege
1751 2565 1833 2605 „eo
1879 2552 1977 2597 iure

1232 2611 1421 2656 condies
1453 2613 1627 2667 pisam“
1666 2612 1763 2654 197.
1799 2636 1852 2641 ——

1322 2671 1384 2714 ad
1416 2672 1516 2715 201.
1549 2669 1891 2713 vitellinam
1936 2673 1981 2713 θ.

1235 2729 1295 2773 ad
1316 2730 1412 2773 197.
1438 2755 1488 2759 —
1514 2728 1979 2784 despumaverit.

1233 2788 1372 2833 codd.
1410 2788 1504 2831 193.
1533 2787 1632 2832 204.
1653 2813 1704 2819 —-
1727 2787 1981 2832 coliclos

1236 2861 1292 2893 ex
1327 2847 1424 2890 180.
1460 2846 1642 2891 restitui
1667 2860 1752 2902 pro
1786 2845 1978 2891 flores
2051 2904 2053 2906 Ι

1233 2906 1307 2952 vel
1340 2906 1470 2962 legas
1505 2906 1666 2951 coles
1692 2906 1845 2951 caules
1868 2905 1979 2951 mal-
