2098 3470
881 298 1137 346 Praefatio.
1734 299 1759 351 1
1772 298 1798 350 1

206 457 336 510 quas
378 456 495 493 cum
535 437 722 492 lexicis
751 438 840 491 alii
869 437 1157 507 scriptores
1185 437 1437 505 ignorant
1465 439 1517 488 et
1545 433 1802 487 citerioris

205 531 398 585 aetatis
437 529 657 599 propria
713 529 978 582 vocabula
1029 545 1137 581 non
1177 529 1396 596 neglexi
1445 526 1670 580 subinde
1711 543 1802 579 an-

204 626 390 674 notare
432 624 484 673 et
524 620 832 687 explanare.
876 636 943 672 ne
979 618 1307 687 reipublicae
1347 618 1618 672 literariae
1659 617 1804 673 cives

205 711 319 764 istis
361 708 753 762 difficultatibus
804 709 859 762 in
911 714 1181 777 posterum
1224 708 1591 762 deterreantur
1631 713 1684 762 et
1721 725 1801 762 re-

206 799 415 868 fugiant
454 815 486 851 a
525 797 761 865 legendo
791 803 1008 852 auctore
1033 815 1140 852 non
1168 799 1331 867 plane
1352 798 1683 852 infructuoso
1715 803 1806 853 aut

204 889 390 957 inutili,
422 905 539 942 cum
567 887 638 940 ad
667 887 1099 956 cognoscendam
1125 905 1238 942 rem
1265 889 1530 958 privatam
1563 894 1802 943 veterum

206 984 313 1032 tum
354 995 521 1047 saepe
561 977 630 1030 ad
669 977 944 1031 historiam
992 978 1283 1031 literariam
1334 979 1659 1046 necessarie,
1713 996 1803 1034 ne-

204 1085 308 1138 que
361 1067 591 1135 denique
642 1072 698 1120 ut
746 1067 1011 1122 communi
1061 1069 1312 1139 Europae
1364 1069 1647 1124 universae
1694 1086 1803 1123 ma-

205 1159 368 1227 gistro
398 1157 803 1212 contemnendo,
838 1162 1168 1228 praetereaS,
1208 1164 1364 1228 pater
1399 1158 1801 1228 elegantiarum,

206 1248 250 1302 si
290 1248 418 1318 quid
457 1264 563 1300 non
601 1247 731 1300 facit
770 1246 840 1301 ad
880 1247 1226 1304 stomachum.
1254 1250 1538 1302 verborum
1563 1265 1804 1303 meorum

204 1338 342 1392 adeo
383 1354 578 1407 parcus
617 1338 709 1405 fui,
760 1342 817 1390 ut
854 1355 961 1390 non
999 1342 1203 1391 tantum
1242 1338 1297 1391 in
1334 1339 1506 1392 nullas
1548 1338 1804 1393 orationis

203 1428 553 1482 amoenitates
597 1427 897 1481 diffuderim
938 1428 1037 1482 sed
1073 1433 1126 1483 et
1158 1428 1465 1496 sententiaS,
1499 1428 1590 1482 ubi
1622 1429 1804 1497 plures

204 1522 354 1572 erant
406 1517 474 1571 de
526 1534 583 1571 re
635 1534 757 1585 una,
813 1517 1059 1571 diffluere
1097 1519 1372 1572 maluerim
1415 1535 1574 1586 quam
1615 1535 1803 1587 opero-

205 1606 344 1660 siore
384 1607 642 1661 sermonis
682 1607 847 1661 veluti
884 1612 1094 1660 textura
1135 1608 1464 1662 committere
1519 1613 1571 1662 et
1622 1608 1803 1663 devin-

205 1696 327 1764 cire,
358 1714 450 1767 nne
503 1697 708 1752 scilicet
748 1715 881 1767 opus
920 1698 976 1751 in
1014 1698 1230 1751 nimiam
1269 1699 1465 1752 molem
1507 1704 1560 1753 et
1590 1699 1717 1752 mihi
1753 1704 1805 1753 et

200 1786 388 1840 lectori
439 1788 718 1841 molestam
773 1793 1126 1842 excresceret.
1179 1788 1249 1842 ad
1302 1806 1479 1843 meum
1531 1788 1803 1844 scribendi

201 1892 386 1943 genus,
429 1877 519 1930 ubi
558 1877 634 1931 sic
676 1878 889 1932 occasio
930 1878 1049 1946 fert,
1091 1878 1227 1933 haec
1260 1879 1484 1948 habeaS,
1525 1879 1684 1933 homo
1711 1896 1800 1934 ve-

200 1966 417 2020 nustior.
448 1967 771 2021 lineamenta
800 1968 1072 2024 Ciceronis
1096 1987 1204 2022 non
1235 1969 1450 2037 effingO,
1486 1969 1613 2022 mihi
1638 1970 1802 2038 longe

200 2055 469 2110 honestior
506 2057 643 2110 tauri
681 2057 850 2112 facies
890 2064 981 2111 aut
1018 2059 1144 2113 item
1184 2059 1354 2113 leonis
1408 2076 1564 2127 quam
1615 2059 1801 2115 simiae

198 2145 409 2200 videtur
464 2164 601 2214 quae
653 2152 833 2201 tamen
885 2148 1084 2202 homini
1124 2148 1343 2202 similior
1385 2153 1479 2203 est.
1522 2148 1649 2201 mihi
1690 2149 1800 2216 qui-

200 2234 322 2288 dem
364 2236 663 2304 quicunque
702 2242 905 2290 tantum
948 2242 1272 2309 componunt
1311 2255 1378 2291 ex
1412 2238 1705 2292 imitatione
1734 2238 1799 2292 si-

198 2324 351 2378 miles
394 2342 514 2379 esse
553 2327 640 2379 vel
679 2327 908 2395 psittaco
945 2328 1030 2380 vel
1058 2328 1213 2395 picae
1240 2327 1489 2382 videntur
1521 2328 1798 2397 proferen-

197 2413 335 2467 tibus
376 2431 514 2481 quae
553 2434 654 2469 nec
694 2417 1026 2485 intellegunt,
1083 2423 1266 2471 carent
1314 2418 1454 2471 enim
1496 2434 1632 2485 quae
1673 2418 1798 2472 scri-

198 2504 328 2556 bunt
367 2504 455 2556 isti
494 2504 693 2558 viribus
736 2511 787 2559 et
813 2507 938 2574 vita,
983 2512 1165 2561 carent
1189 2506 1327 2575 actu,
1372 2511 1557 2560 carent
1585 2507 1795 2574 effectu,

198 2598 380 2645 carent
430 2593 626 2660 indole,
680 2595 873 2663 iacent,
929 2596 1209 2664 dormiunt,
1263 2601 1503 2664 stertunt,
1557 2597 1685 2649 nihil
1724 2597 1798 2651 ibi

196 2698 396 2749 verum,
444 2682 574 2735 nihil
624 2684 868 2753 solidum,
922 2685 1051 2737 nihil
1103 2686 1308 2740 efficaX.
1363 2704 1448 2740 me
1500 2691 1556 2739 ut
1609 2687 1797 2756 opinor

199 2771 455 2839 exprimo,
497 2773 612 2826 sine
655 2774 851 2828 cortice
890 2779 1077 2828 natare
1117 2775 1254 2827 volo.
1309 2780 1366 2828 ut
1406 2776 1542 2829 bene
1583 2793 1796 2830 currere

199 2876 308 2912 non
346 2865 526 2929 potest
566 2862 654 2928 qui
691 2849 891 2931 pedem
934 2881 1138 2932 ponere
1173 2864 1351 2919 studet
1381 2865 1435 2918 in
1463 2865 1653 2918 alienis
1679 2870 1792 2918 tan-

196 2953 303 3000 tum
344 2950 601 3018 vestigiiS,
641 2951 717 3005 ita
756 2969 856 3007 nec
897 2954 1033 3007 bene
1070 2954 1305 3008 scribere
1332 2954 1419 3023 qui
1442 2959 1697 3024 tanquam
1724 2954 1792 3010 de
