2098 3470
365 270 469 324 168
883 270 982 317 Lib.
1006 270 1128 316 VIII.
1171 272 1415 330 Tetrapus.

361 402 587 457 dactilos
626 403 775 458 tritos
815 405 961 459 VIII.
1002 406 1110 459 vini
1143 406 1267 460 boni
1296 406 1538 474 eminam,
1581 407 1811 460 amolum
1839 425 1945 461 mo-

359 476 492 531 dice

472 555 596 607 366.
652 554 904 607 Αο(111111
960 553 1109 608 sive
1163 571 1409 632 agnum
1450 554 1754 607 crudum:
1810 555 1945 621 ole0,

358 626 550 698 pipere
590 629 807 683 fricabis
849 634 900 682 et
933 644 1192 714 asparges
1221 627 1349 681 foris
1377 628 1544 681 salem
1570 646 1758 696 purum
1785 630 1946 681 multo

359 719 477 755 cum
532 703 795 757 coriandri
847 703 1064 756 semine.
1118 702 1173 755 in
1224 702 1432 755 furnum
1485 702 1658 755 mittis.
1714 708 1946 756 assatum

356 775 571 830 inferes

471 851 595 904 367.
655 851 918 906 Aedum
977 851 1126 904 sive
1178 866 1424 917 agnum
1477 849 1944 918 tarpeianum:

358 929 645 991 antequam
675 930 946 993 coquatur,
991 929 1205 978 ornatus
1235 924 1517 977 consuitur.
1559 924 1729 992 piper,
1758 926 1945 991 rutam,

356 998 659 1067 satureiam,
715 1017 920 1068 cepam,
975 999 1155 1051 timum
1209 998 1472 1051 modicum
1533 1003 1585 1050 et
1641 998 1944 1064 liquamine.

357 1073 557 1127 collues
608 1073 818 1139 aedum,
873 1072 1170 1127 macerabis
1222 1071 1276 1123 in
1328 1071 1479 1124 furno
1527 1073 1709 1124 autin
1747 1073 1948 1139 patella

359 1162 496 1213 quae
550 1147 725 1201 oleum
777 1147 989 1201 habeat.
1046 1163 1163 1201 cum
1203 1145 1523 1213 percoxerit,
1564 1145 1854 1213 perfundes
1894 1145 1947 1197 in

355 1221 559 1290 patella
608 1221 918 1290 inpensam:
972 1226 1113 1275 teres
1153 1219 1456 1286 satureiam,
1511 1236 1717 1287 cepam,
1758 1224 1945 1286 rutam,

359 1293 605 1363 dactilos,
647 1295 843 1359 vinum,
887 1310 1190 1360 caroenum,
1234 1294 1424 1346 oleum.
1469 1309 1585 1345 cum
1626 1294 1760 1346 bene
1785 1292 1947 1346 duxe-

355 1367 423 1419 rit
463 1368 763 1439 inpensam,
804 1370 858 1422 in
899 1369 1048 1423 disco
1087 1383 1274 1438 poneS,
1315 1367 1471 1435 piper
1510 1367 1754 1438 aspargis
1795 1372 1846 1420 et
1870 1368 1946 1419 in-

354 1440 512 1495 feres,

468 1516 592 1570 368.
635 1516 895 1570 Aedum
935 1515 1082 1570 sive
1122 1531 1372 1584 agnum
1411 1513 1785 1583 particum:
1833 1514 1946 1567 mit-

356 1663 435 1707 lim
497 1667 653 1709 tamen
713 1664 798 1709 ius
848 1664 1111 1720 spissius

355 1723 575 1779 pinguius
637 1723 735 1768 334.
801 1749 850 1753 —
922 1724 1111 1769 oleum

355 1782 492 1826 codd.

445 1841 507 1885 ad
557 1842 656 1886 366.
723 1842 957 1886 crudum
1019 1855 1111 1886 non

355 1905 655 1952 maceratum,
701 1901 842 1944 crudo
880 1902 977 1945 iure
1010 1901 1036 1943 i.
1072 1915 1109 1945 e.

357 1973 449 2003 non
485 1965 636 2012 cocto,
669 1959 841 2015 frigido
873 1973 1110 2015 aspersum

354 2023 604 2074 antequam
645 2019 690 2062 in
734 2017 916 2062 furnum
965 2020 1107 2062 mitti-

353 2081 440 2121 tur.
488 2079 571 2122 sed
603 2079 895 2122 scribendum
930 2079 1016 2121 erit
1048 2079 1105 2121 In

352 2137 561 2181 aedum
593 2138 668 2182 vel
703 2137 877 2181 crudo
912 2136 970 2181 cf.
1005 2138 1104 2180 ⁴238.

354 2197 453 2239 287.
489 2197 591 2241 376.
625 2196 837 2241 similiter
861 2197 960 2240 330.
996 2210 1108 2251 aper

352 2255 450 2299 sale
503 2259 551 2299 et
609 2256 790 2299 cumino
845 2256 1108 2311 aspergitur

354 2318 402 2358 et
443 2313 537 2358 alio
572 2314 647 2358 die
692 2315 738 2357 in
783 2313 916 2358 furno
951 2315 1106 2370 coqui-

351 2377 438 2416 tur.
484 2399 537 2403 —
581 2374 790 2428 pipere
822 2377 887 2424 βπ
930 2374 982 2416 Η.
1017 2387 1101 2428 pro

350 2432 535 2487 piper.
602 2432 789 2476 fricabis
848 2436 920 2476 est
978 2432 1103 2488 quod

350 2490 640 2545 persi-icam&
674 2490 897 2535 infriabis.
936 2516 987 2520 ——
1022 2503 1102 2534 sa-

351 2549 463 2593 lem
505 2563 623 2605 pur.
667 2551 768 2594 271.
812 2575 866 2579 -
910 2563 1103 2594 80111011

350 2611 455 2661 [9⁴9²-
492 2633 545 2638 —-—

440 2667 502 2710 ad
549 2668 649 2710 367.

351 2725 399 2768 in
431 2739 523 2769 uno
558 2726 578 2773 ζ
610 2730 658 2770 et
688 2727 733 2769 in
768 2726 980 2770 omnibus
1003 2726 1105 2770 406.

350 2798 435 2840 pro
466 2786 932 2840 tatarpeianum.
950 2786 995 2828 in
1015 2789 1107 2828 tar-

351 2844 458 2898 peio
505 2857 588 2888 seu
635 2845 890 2900 capitolino
949 2848 1106 2888 monte

353 2903 441 2949 diis
485 2903 705 2963 egregiae
751 2903 894 2962 dapes
941 2902 1105 2949 infere-

728 2667 1104 2722 tarpeianum

1201 1664 1370 1709 bantur
1414 1662 1630 1717 (Martial.
1673 1663 1742 1714 12,
1783 1662 1856 1714 48,
1892 1664 1946 1705 12

1201 1728 1248 1768 et
1283 1724 1352 1775 13,
1385 1723 1459 1774 91)
1495 1735 1611 1777 quae
1636 1721 1847 1766 lautitiae
1869 1734 1947 1765 au-

1200 1782 1430 1839 gebantur
1473 1795 1530 1825 ex
1575 1794 1663 1836 quo
1707 1781 1828 1825 Nero
1867 1782 1946 1825 da-

1200 1841 1320 1898 palis
1354 1840 1532 1885 exstitit
1563 1842 1608 1884 in
1641 1852 1781 1884 aurea
1807 1840 1945 1885 domo

1203 1914 1320 1957 quae
1355 1913 1382 1944 a
1413 1900 1597 1944 Palatio
1627 1899 1857 1955 Esquilias
1875 1913 1947 1943 118-

1202 1973 1289 2015 que
1322 1959 1597 2014 pertinebat.
1634 1984 1687 1990 --
1722 1971 1780 2001 an
1814 1972 1947 2002 onc-

1199 2024 1366 2062 131118
1399 2017 1549 2061 farsus
1583 2031 1697 2061 corr.
1741 2031 1824 2072 pro
1866 2032 1947 2061 or-

1199 2082 1375 2121 natus
1418 2077 1598 2133 aliquot
1639 2077 1789 2120 locis?
1835 2077 1947 2120 alibi

1200 2150 1385 2192 quoque
1426 2150 1490 2180 -ea
1549 2135 1692 2180 verba
1756 2135 1948 2179 confusa

1198 2199 1427 2240 monstrat
1499 2194 1638 2239 Corte
1722 2195 1783 2238 ad
1860 2196 1948 2238 Lu-

1200 2267 1298 2298 can.
1342 2255 1382 2306 6,
1422 2254 1522 2297 518.
1565 2253 1857 2308 participium
1900 2254 1945 2296 in

1199 2327 1290 2357 uno
1332 2318 1362 2364 β
1401 2319 1448 2357 et
1491 2313 1562 2356 ed.
1606 2313 1739 2355 Hum.
1783 2312 1948 2367 procul

1195 2372 1336 2416 dubio
1386 2385 1441 2416 ex
1490 2372 1592 2415 cod.
1654 2371 1699 2413 in
1757 2371 1946 2426 reliquis

1195 2432 1341 2475 deest,
1400 2454 1458 2460 —-
1520 2435 1854 2486 coquantur
1900 2431 1946 2473 in

1193 2504 1274 2535 sex
1298 2495 1344 2534 et
1368 2490 1438 2534 ed.
1457 2503 1591 2544 pr.—
1619 2490 1946 2545 liquamine

1193 2549 1489 2604 temperabis.
1542 2548 1841 2604 liquamen
1898 2564 1942 2590 π.

1196 2634 1249 2638 --
1283 2613 1384 2652 aut
1416 2621 1472 2652 ex
1515 2621 1606 2651 uno
1647 2621 1746 2662 par.
1785 2607 1946 2650 addidi

1197 2667 1256 2711 ob
1299 2668 1398 2711 369.
1442 2667 1543 2710 408.
1591 2692 1646 2696 —
1697 2666 1944 2710 duxerit

1197 2725 1297 2769 140.
1349 2751 1401 2755 —
1449 2738 1630 2780 pones
1679 2737 1942 2779 compones.

1285 2785 1358 2828 ad.
1393 2784 1493 2828 368.
1541 2785 1835 2839 pasticnm
1869 2796 1943 2828 co-

1199 2843 1350 2887 dicum
1384 2843 1672 2898 explicabam
1714 2843 1789 2888 vel
1822 2843 1943 2887 lacte

1196 2906 1378 2960 pastum
1411 2903 1514 2947 376,
1547 2903 1623 2949 vel
1655 2916 1683 2946 a
1709 2906 1855 2948 matre
1877 2916 1943 2949 rc-
