2098 3470
315 319 382 370 14
640 346 645 355 .
987 317 1240 364 Praefatio.

310 450 637 503 Guilermum
676 450 929 517 Signerre
980 452 1468 520 Rothomagensem
1516 472 1656 508 anno
1699 455 1898 509 domini

308 539 951 593 MOCCOLXXXXVIII.
1012 540 1099 594 die
1151 543 1257 594 XX
1305 544 1503 597 mensis
1554 545 1787 597 Ianuarii
1847 550 1899 598 et

308 644 444 697 quae
492 628 729 682 Venetiis
776 630 966 682 MDIII
1016 647 1115 698 per
1164 632 1420 685 Ioannem
1474 633 1542 686 de
1595 633 1786 686 Cereto
1828 634 1895 686 de

306 717 545 785 Tridino,
598 719 890 771 Tacuinum
942 719 1075 772 alias
1124 721 1449 773 nominatum
1503 727 1554 775 et
1594 739 1730 789 quae
1770 723 1895 775 Ant-

305 807 525 876 verpiae
545 824 631 875 ap.
659 808 792 860 Rob.
821 807 1055 860 Bellaert
1081 808 1222 876 typis
1246 809 1359 862 Ioh.
1391 810 1637 878 Gnaphei
1664 812 1894 864 MDXX.

304 897 436 950 meis
476 895 643 950 oculis
680 895 791 948 vidi
831 900 883 949 et
914 898 1373 964 persuasissimum
1401 898 1529 950 mihi
1558 904 1637 951 est
1669 916 1761 952 eas
1789 905 1896 953 tres

304 986 573 1040 sublestae
626 1001 746 1038 esse
795 984 938 1054 fidei,
994 1003 1112 1040 esse
1151 987 1321 1040 minus
1360 988 1548 1059 plenas
1591 993 1644 1041 et
1682 994 1897 1059 praeter

302 1075 558 1147 principis
597 1074 792 1128 menda
829 1074 1109 1129 innumera
1160 1077 1287 1129 satis
1328 1094 1580 1144 magnum
1619 1094 1895 1130 numerum

303 1180 539 1220 errorum
578 1163 864 1218 continere.
907 1181 1071 1233 quare
1110 1166 1352 1236 principe
1393 1166 1537 1219 nisus
1570 1167 1763 1220 multas
1787 1168 1894 1221 lec-

301 1254 473 1308 tiones
510 1253 657 1307 tenui
697 1261 834 1321 quae
871 1254 927 1307 in
964 1254 1236 1308 listeriana
1273 1255 1470 1309 missae
1522 1255 1675 1309 novis
1712 1256 1894 1310 inven-

300 1344 368 1397 tis
405 1349 756 1398 recesserant.
798 1343 1033 1397 nondum
1074 1343 1284 1398 constiti
1323 1361 1497 1413 neque
1537 1344 1682 1413 prius
1720 1344 1898 1399 destiti

302 1449 460 1501 quam
502 1432 867 1502 possedissem
918 1432 1413 1501 humelbergianam
1462 1432 1688 1506 (Tiguri.
1734 1435 1894 1490 1542.

300 1524 351 1576 4.
395 1528 448 1577 et
498 1520 729 1576 Londini
766 1523 907 1576 1705
954 1541 1007 1593 p.
1051 1524 1119 1576 M.
1161 1524 1420 1576 Listerum
1475 1529 1528 1577 et
1577 1524 1895 1579 torinianam

300 1611 570 1685 (Basileae
626 1613 784 1666 1541.
824 1614 875 1667 4.
927 1613 1122 1666 Albani
1159 1612 1341 1665 Torini
1389 1612 1574 1684 cura).
1629 1618 1686 1667 at
1738 1631 1895 1681 quam

298 1702 542 1773 improbe
581 1700 838 1770 deceptus
877 1703 1020 1755 sum!
1097 1702 1462 1769 Humelbergii
1509 1699 1703 1756 medici
1742 1705 1897 1758 turba

299 1791 699 1845 annotationum
740 1808 847 1844 non
887 1797 968 1845 est
1007 1808 1144 1860 quae
1187 1796 1490 1845 contextum
1529 1797 1684 1844 sanet
1723 1798 1776 1846 et
1813 1810 1895 1846 su-

299 1881 437 1935 bitas
493 1881 848 1948 cogitationes
899 1886 1123 1934 tueatur.
1179 1881 1440 1947 coquinae
1496 1880 1597 1933 tiro
1659 1883 1895 1936 editione

297 1970 687 2024 mediolanensi
723 1987 851 2024 usus
892 1975 944 2025 et
979 1970 1167 2024 codice
1191 1970 1550 2038 manuscripto
1582 1988 1737 2037 quem
1768 1989 1893 2040 qua-

298 2060 548 2128 draginta
574 2060 794 2114 circiter
830 2060 964 2114 locis
1004 2060 1158 2113 affert
1198 2064 1249 2112 et
1288 2059 1489 2128 aliquot
1521 2060 1684 2114 tacite
1719 2063 1892 2128 sequi-

295 2154 380 2202 tur
416 2149 605 2203 rudem
643 2149 797 2203 nobis
839 2153 1143 2202 contextum
1183 2148 1459 2216 ministrat,
1513 2154 1749 2202 attamen
1795 2167 1891 2221 pro

299 2239 581 2306 evangelio
649 2244 730 2292 est
793 2239 1014 2305 vulgata
1076 2254 1234 2304 quam
1287 2239 1555 2305 corrigere
1605 2238 1758 2291 nefas
1810 2239 1892 2292 sit.

296 2327 466 2381 maius
507 2327 757 2381 damnum
795 2328 960 2381 literis
999 2327 1264 2380 intulisset
1297 2327 1482 2379 Torini
1520 2326 1715 2380 medici
1754 2327 1893 2381 fetus

295 2421 654 2486 portentosuS,
704 2417 982 2486 (repetitus
1021 2416 1270 2484 Lugduni
1312 2416 1501 2469 eodem
1541 2433 1680 2468 anno
1726 2416 1892 2489 1541)

296 2506 340 2560 si
380 2507 555 2574 magis
597 2506 935 2560 circumlatus
990 2510 1147 2560 esset.
1202 2505 1302 2559 iste
1344 2506 1625 2559 circulator
1666 2510 1718 2559 et
1755 2505 1893 2558 frau-

297 2595 455 2649 dator
496 2612 600 2665 ope
641 2595 890 2650 editionis
928 2599 1155 2648 venetae
1189 2594 1405 2647 alterius
1436 2599 1489 2647 et
1515 2593 1716 2647 codicis
1746 2611 1891 2647 mon-

296 2685 562 2754 spelluani
612 2685 861 2754 Apicium
914 2701 943 2738 e
991 2683 1225 2738 tenebris
1275 2683 1474 2737 eruisse
1524 2687 1576 2736 et
1614 2700 1648 2735 a
1684 2682 1892 2736 mendis

294 2774 601 2829 vindicasse
649 2774 879 2841 simulat,
942 2791 1009 2827 en
1061 2772 1326 2840 quaedam
1379 2773 1492 2826 eius
1542 2772 1892 2841 praefationis

295 2879 469 2918 vanae
511 2880 667 2935 „cum
705 2895 775 2903 --
815 2863 981 2916 multa
1017 2861 1375 2931 Monspessuli
1424 2861 1634 2915 curiose
1672 2878 1893 2929 agerem

300 2958 387 3025 „et
423 2952 825 3008 accuratissime
854 2953 1210 3021 observarem,
1249 2951 1305 3003 in
1332 2951 1507 3004 insula
1533 2950 1649 3004 urbi
1676 2951 1891 3021 propin-
