2098 3470
699 323 796 368 Lib.
821 323 946 368 VIII.
993 323 1235 379 Tetrapus.
1638 322 1743 375 175

145 462 337 524 tanges
378 489 446 494 ——
501 457 591 525 api
644 474 827 509 semen
877 461 1018 509 teres
1069 457 1142 508 ita
1196 460 1252 507 ut
1308 455 1403 508 fiat
1452 454 1629 525 pulvis
1676 486 1735 492 -

147 531 390 601 aspargis
433 535 483 583 et
521 531 734 583 inferes.

261 606 386 656 379.
428 605 827 658 Porcellum
859 603 1285 655 laureatum:
1327 602 1619 671 porcellum
1652 619 1740 655 ex-

150 694 316 744 ossas,
361 679 511 744 quasi
553 681 937 744 oenogaratum
972 693 1148 742 ornas,
1185 675 1497 746 praeduras.
1535 677 1741 729 laurum

146 751 369 804 viridem
420 751 475 804 in
528 751 703 805 medio
756 750 961 817 frangis
1012 751 1155 803 satis.
1198 750 1253 802 in
1292 749 1517 815 furnum,
1571 767 1738 804 assas

149 830 200 878 et
250 825 423 878 mittes
475 826 530 877 in
581 825 885 877 mortarium
925 824 1095 892 piper,
1151 823 1452 891 ligisticum,
1508 841 1738 891 careum,

148 896 237 969 api
290 916 487 965 semen,
540 899 728 951 lasaris
780 897 1034 964 radicem,
1088 900 1252 951 bacas
1300 898 1451 963 lauri,
1505 896 1738 966 fricabiS,

147 972 420 1025 suffundes
459 973 728 1040 liquamen
765 977 816 1025 et
841 972 963 1025 vino
991 977 1042 1025 et
1068 989 1229 1043 passo
1262 971 1602 1042 temperabis.
1646 972 1739 1024 ad-

148 1046 281 1099 icies
320 1047 375 1099 in
416 1049 705 1100 caccabum
741 1047 845 1099 olei
871 1046 1138 1099 modicum
1168 1050 1220 1099 et
1246 1045 1468 1098 ferveat.
1514 1046 1738 1113 obligas,

147 1121 439 1188 porcellum
490 1122 638 1174 lauro
696 1121 897 1174 eximes
954 1125 1006 1174 et
1056 1121 1137 1173 ius
1181 1122 1249 1174 ab
1292 1136 1414 1174 osse
1454 1124 1647 1187 tanges
1690 1125 1743 1174 et

146 1194 360 1249 inferes

260 1270 382 1322 380.
437 1269 834 1322 Porcellum
881 1266 1442 1321 frontonianum:
1499 1283 1738 1335 exossaS,

148 1343 458 1411 praeduraS,
515 1360 687 1405 ornas.
742 1342 944 1396 adicies
1001 1342 1055 1394 in
1110 1343 1400 1396 caccabum
1452 1341 1739 1410 liquamen,

148 1417 343 1485 vinum,
386 1418 579 1485 alligas
619 1417 928 1471 fasciculum
968 1417 1129 1484 porri,
1184 1417 1343 1483 aneti,
1398 1416 1579 1469 media
1619 1433 1739 1470 coc-

148 1495 264 1544 tura
302 1491 477 1545 mittes
519 1490 817 1545 defrictum.
864 1496 1070 1544 coctum
1109 1492 1259 1544 lavas
1302 1495 1355 1544 et
1394 1490 1590 1545 siccum
1624 1491 1740 1544 mit-

147 1570 242 1619 teS.
284 1565 439 1636 piper
478 1565 723 1636 aspargis
766 1571 818 1618 et
855 1564 1069 1619 inferes

259 1641 381 1694 381.
465 1640 867 1693 Porcellum
929 1656 1103 1692 aeno
1165 1644 1462 1693 coctum:
1531 1638 1738 1710 porcel-

148 1713 253 1766 lum
293 1713 606 1782 praedm-as,
650 1731 824 1780 ornas,
875 1713 1076 1766 adicies
1115 1714 1170 1765 in
1213 1715 1503 1767 caccabum
1545 1713 1737 1779 oleum,

148 1787 432 1855 liquamen,
483 1789 678 1854 vinum,
730 1805 938 1855 aquam,
992 1788 1185 1855 alligas
1225 1787 1535 1841 fasciculum
1575 1787 1736 1855 porri,

150 1862 431 1928 coriandri,
472 1861 651 1915 media
691 1867 907 1914 coctura
948 1862 1211 1915 colorabis
1253 1861 1494 1915 defricto,
1536 1861 1739 1914 adicies

148 1936 201 1988 in
240 1936 543 1988 mortarium
583 1936 754 2004 piper,
808 1935 1108 2003 ligisticum,
1165 1952 1396 2002 careum,
1442 1935 1737 2002 origanum,

148 2009 237 2077 api
290 2027 489 2075 semen,
542 2009 730 2062 lasaris
783 2009 1036 2076 radicem,
1091 2010 1323 2075 fricabiS,
1366 2008 1640 2062 suffundes
1680 2009 1737 2060 li-

150 2100 394 2150 quamen,
435 2085 516 2136 ius
557 2084 626 2136 de
667 2100 760 2136 suo
802 2084 919 2151 sibi,
959 2084 1081 2136 vino
1118 2089 1169 2137 et
1201 2101 1363 2152 passo
1398 2084 1738 2152 temperabis

143 2245 245 2289 379.
293 2244 396 2288 vino
438 2244 623 2300 palmeo
656 2245 890 2296 irrorabis,

142 2304 308 2348 leviter
340 2303 602 2360 perfundes.
636 2305 698 2348 ad
730 2306 800 2348 52.
838 2330 888 2334 ——

143 2364 422 2420 aspargis
455 2364 533 2419 api
563 2364 814 2419 pulverem.

232 2422 293 2465 ad
310 2424 409 2466 379.
429 2423 641 2466 laurum
671 2425 767 2467 vir.
789 2422 889 2466 340.

145 2505 196 2510 ἣ
230 2481 287 2524 in
319 2481 511 2525 medio
544 2483 664 2526 inter
694 2482 890 2538 praedu-

144 2540 350 2592 randum,
383 2539 429 2580 ἓν
452 2543 511 2594 Τῷ
536 2538 600 2580 διὰ
626 2544 774 2593 μέσου,
805 2556 890 2593 με-

144 2597 261 2654 σηγύ,
295 2599 571 2644 inzwischen
589 2600 659 2644 63.
679 2626 733 2631 -
771 2600 892 2653 „lau-

142 2672 241 2702 rum
264 2659 404 2702 satis“
440 2663 491 2702 ut
508 2659 640 2715 piper
657 2660 771 2703 satis
789 2660 890 2702 397.

143 2718 257 2761 satis
291 2718 530 2762 consilium
559 2718 744 2771 habere,
778 2719 892 2762 satis

142 2777 455 2821 testimonium
499 2782 584 2829 est,
627 2779 725 2822 sim.
767 2778 891 2833 apud

143 2836 345 2890 optimos
377 2838 643 2892 scriptores,
691 2838 758 2882 sic
789 2838 888 2882 ἅλις.

144 2895 289 2938 —in
323 2896 584 2941 caccabo
619 2910 740 2941 cum
775 2897 893 2941 olei

142 2958 186 3007 β.
221 2955 322 2999 377.
366 2981 416 2987 -η
460 2956 548 3000 ius
591 2957 665 3000 vel
703 2962 774 3001 est
805 2957 892 3000 iu·

982 2249 1075 2289 ste
1108 2244 1181 2289 vel
1215 2245 1340 2289 iure
1373 2244 1473 2288 377.
1502 2270 1550 2273 —
1580 2243 1638 2288 de
1665 2257 1737 2288 os-

982 2304 1110 2348 sibus
1142 2304 1243 2348 378.

1073 2363 1135 2406 ad
1167 2363 1269 2407 380.
1304 2362 1571 2406 nominatus
1604 2374 1633 2405 a
1665 2363 1737 2406 Iu-

981 2422 1045 2466 lio
1078 2423 1313 2466 Frontone
1346 2426 1563 2510 praetore
1605 2422 1738 2466 urba-

983 2495 1043 2525 no
1081 2481 1262 2526 Vitellii
1294 2482 1393 2524 377.
1522 2494 1607 2536 pro
1641 2480 1735 2526 ob-

983 2541 1140 2595 ligas
1174 2554 1288 2584 corr.
1319 2553 1375 2584 ex
1393 2507 1461 2583 63.
1482 2540 1597 2583 Plin.
1632 2540 1735 2584 Val

986 2601 1025 2651 1,
1061 2601 1103 2643 ).
1147 2625 1199 2630 -
1247 2600 1465 2643 sIccum
1513 2600 1735 2644 siccatum

983 2658 1161 2702 sabano
1194 2659 1293 2702 245.
1323 2658 1426 2702 376.
1459 2658 1656 2703 mittis
1688 2659 1734 2702 in

984 2718 1176 2763 lancem

1073 2777 1134 2820 ad
1167 2778 1267 2820 381.
1304 2781 1736 2833 oenogaratum

982 2836 1027 2879 in
1059 2849 1150 2880 uno
1184 2849 1280 2891 par.
1325 2840 1373 2879 et
1413 2837 1484 2880 ed.
1518 2837 1652 2881 Hum.
1685 2842 1738 2881 ut

982 2896 1082 2939 379.
1118 2893 1176 2940 cf.
1199 2896 1300 2939 386.
1320 2895 1419 2938 389.
1455 2896 1642 2940 Petron.
1663 2897 1735 2949 47,

984 2955 1053 2998 10.
1077 2955 1146 3006 74,
1164 2954 1206 2998 4.
1240 2955 1283 2998 in
1317 2967 1434 2999 aeno
1467 2968 1549 3000 seu
1566 2955 1736 3008 lebete,
