2098 3470
360 318 428 371 78
859 318 960 363 Lib.
992 317 1074 364 IV.
1135 318 1410 364 Pandectes.

358 448 548 521 neam]
588 467 690 503 ova
741 450 1062 518 confringes,
1113 451 1168 502 in
1221 452 1508 504 caccabum
1561 457 1613 504 et
1664 453 1940 508 dissolves,

357 523 561 576 adicies
592 523 647 576 in
679 525 981 578 mortarium
1011 526 1181 596 piper,
1220 525 1522 591 ligisticum,
1562 524 1795 593 fricabiS,
1836 527 1940 580 suf-

357 597 551 650 fundes
601 597 887 666 liquamen,
939 599 1135 665 vinum,
1193 615 1428 668 passum,
1489 599 1662 652 oleum
1713 600 1941 668 modice,

356 671 694 724 reexinanies
732 673 787 724 in
815 674 1120 739 caccabum,
1160 671 1327 725 facies
1358 677 1413 724 ut
1438 672 1660 740 ferveat,
1701 691 1818 727 cum
1840 675 1942 728 fer-

357 745 529 798 vuerit
579 750 631 799 et
682 746 904 813 obligas.
958 747 1151 816 pulpas
1205 762 1336 812 quas
1389 747 1724 800 subcultrasti
1770 749 1825 800 in
1861 749 1943 802 ius

358 819 534 872 mittis.
575 820 851 873 substerne
891 837 987 890 per
1027 819 1292 890 diploides
1339 820 1575 890 patinam
1626 838 1852 874 aeneam
1892 827 1945 875 et

358 894 567 946 trullam
604 893 822 963 plenam
860 894 1059 964 pulpae
1100 898 1152 946 et
1191 893 1472 964 disparges
1514 895 1687 947 oleum
1721 899 1772 948 et
1794 896 1941 963 laga-

357 983 483 1020 num
532 982 702 1052 pones
751 968 1003 1021 similiter.
1058 971 1314 1035 quotquot
1360 968 1556 1034 lagana
1588 968 1829 1038 posuelis
1868 975 1947 1022 tot

357 1041 541 1094 trullas
578 1040 837 1112 inpensae
876 1040 1095 1094 adicies.
1136 1057 1298 1093 unum
1335 1041 1587 1108 laganum
1625 1042 1799 1095 fistula
1825 1060 1942 1113 per-

361 1115 546 1182 cutieS,
600 1132 633 1168 a
682 1115 963 1186 superficie
1003 1131 1186 1168 veisas
1236 1113 1517 1182 indusium,
1572 1132 1732 1187 super
1769 1116 1946 1170 focum

358 1205 547 1262 pones,
590 1189 744 1261 piper
783 1189 1029 1260 aspargis
1070 1193 1122 1243 et
1158 1187 1372 1242 infeiffes

475 1264 595 1316 136.
649 1263 900 1316 Patina
950 1262 1327 1317 versatilis
1379 1261 1532 1316 vice
1583 1262 1799 1318 dulci:
1854 1281 1945 1318 nu-

361 1337 506 1391 cleos
545 1337 750 1407 pineOS,
790 1353 954 1391 nuces
992 1336 1189 1390 fractas
1230 1341 1282 1391 et
1319 1341 1579 1407 purgatas
1612 1369 1685 1376 ——
1722 1345 1777 1391 at
1801 1343 1942 1393 torre

359 1427 552 1484 passas
582 1442 648 1449 ——
677 1416 818 1465 teres
849 1428 966 1465 cum
992 1411 1166 1478 melle,
1200 1411 1404 1483 pipere,
1445 1411 1745 1481 liquamine,
1786 1413 1942 1481 lacte,

360 1486 491 1553 oviS,
530 1484 739 1538 modico
779 1502 924 1539 mero
967 1491 1019 1539 et
1057 1486 1194 1539 ole0.

474 1561 595 1612 137.
636 1560 981 1613 Patellam
1018 1559 1491 1612 tirotaricam:
1535 1577 1603 1613 ex
1630 1576 1944 1629 quocunque

360 1634 503 1687 salso
543 1633 791 1700 volueriS,
834 1650 1033 1702 coques
1073 1650 1142 1687 ex
1182 1634 1317 1699 ole0,
1361 1634 1652 1687 exossabis.
1709 1638 1762 1688 et
1801 1651 1945 1688 cere-

362 1709 505 1762 bella
532 1713 701 1775 cocta,
742 1708 936 1778 pulpas
963 1707 1204 1778 piscium,
1239 1707 1512 1760 iocuscula
1536 1708 1813 1778 pullorum,
1846 1725 1948 1762 ova

362 1781 511 1850 dura,
567 1798 783 1839 caseum
834 1782 1047 1835 mollem
1102 1781 1438 1836 excaldatum
1482 1813 1543 1820 --
1596 1782 1732 1835 haec
1772 1782 1950 1834 omnia

361 1932 633 1973 sternere
666 1928 782 1984 dip.
803 1932 868 1979 βπ
899 1942 983 1984 pro
1009 1928 1109 1972 vul-

360 1987 463 2044 gari
494 1987 807 2032 substerne
836 1987 950 2043 dip.
983 1987 1111 2044 quod

364 2049 467 2100 „re“
502 2045 612 2090 mihi
644 2052 715 2090 cst
743 2049 876 2102 „per“
907 2046 1008 2090 134.
1043 2046 1111 2090 sic

360 2105 570 2149 Halmius
591 2110 751 2150 noster
767 2106 954 2149 Florum
972 2119 1018 2161 p.
1036 2106 1108 2157 31,

362 2166 404 2209 5.
437 2164 638 2208 correxit
667 2163 811 2219 praef.
853 2178 896 2219 p.
930 2164 1010 2209 IX
1056 2164 1108 2194 -—'-

362 2224 579 2280 pulpae
613 2224 840 2274 concisae,
872 2223 987 2275 sicii,
1030 2223 1110 2266 im-

362 2295 547 2351 pensae.
598 2307 653 2315 --
697 2294 902 2327 verras
946 2282 1112 2326 indu—

363 2343 505 2385 sium
525 2366 578 2372 --
610 2354 798 2397 pones
830 2341 1011 2385 tentam
1027 2353 1111 2396 pro

363 2412 567 2445 versas
608 2401 655 2443 in
694 2401 916 2444 discum
957 2401 1111 2443 insu-

363 2472 468 2515 per
499 2460 557 2503 in
599 2459 986 2515 superficiem
1018 2472 1112 2514 po-

364 2532 467 2563 nes
499 2523 551 2562 ut
582 2519 646 2562 sit
666 2532 889 2574 „superne
922 2517 989 2558 371’
1012 2517 1112 2558 ἔπι-

365 2579 511 2631 πολῆς,
543 2577 690 2630 trahe,
715 2577 935 2629 distrahe,
978 2590 1117 2633 super

364 2637 504 2682 indue
546 2636 765 2692 laganum
806 2649 891 2693 pro
933 2636 1116 2680 indusio

367 2697 515 2753 quasi,
563 2695 694 2740 ziehe
742 2695 816 2740 ein
874 2695 1119 2741 oberkleid

366 2755 437 2800 als
470 2754 634 2799 deckel
668 2755 850 2800 driiber.

456 2815 519 2858 ad
551 2814 649 2858 136.
699 2815 863 2859 eadem
909 2811 1006 2858 fere
1037 2825 1120 2869 pa·

367 2871 467 2918 tina
498 2878 571 2919 est
598 2874 696 2917 122.
732 2873 903 2917 dulci
934 2872 1120 2917 videtur

369 2931 526 2986 dulcii,
558 2936 611 2978 ut
641 2932 703 2978 sit
719 2932 826 2978 loco
845 2931 992 2978 dulcis
1010 2932 1121 2977 edu-

1199 1927 1248 1970 lii
1265 1941 1303 1974 s.
1320 1927 1576 1983 placentae.
1597 1928 1627 1972 d
1639 1928 1786 1973 ulcis
1811 1929 1944 1973 Hum.

1201 1986 1258 2030 de
1277 1986 1488 2030 dulcibus
1504 1987 1751 2032 300-305.
1771 1993 1896 2032 atto
1910 2002 1948 2031 r-

1201 2046 1372 2090 rebas
1397 2058 1492 2090 eas
1517 2046 1591 2090 vel
1609 2051 1788 2090 atorr.
1814 2047 1950 2090 codd.

1202 2105 1540 2149 attorrebis
1584 2105 1655 2149 ed.
1699 2120 1766 2160 pr.
1818 2105 1953 2150 Hum.

1202 2177 1352 2207 meum
1371 2163 1582 2208 bassas
1616 2168 1687 2208 est
1705 2176 1953 2216 crassas,

1202 2223 1413 2278 pingues,
1445 2223 1649 2267 nondum
1680 2223 1843 2276 siccas,
1886 2224 1953 2267 vi-

1203 2282 1340 2334 rides
1383 2285 1435 2324 ut
1474 2286 1582 2325 sunt
1623 2282 1820 2337 pingues
1862 2277 1951 2325 fici.

1205 2340 1344 2384 etiam
1388 2341 1506 2384 coni.
1553 2340 1849 2386 basilicas
1897 2354 1955 2386 ex

1204 2399 1322 2443 Plin.
1359 2400 1427 2450 15,
1460 2399 1529 2442 87.
1564 2400 1770 2449 Macrob.
1803 2404 1890 2444 sat.
1909 2401 1953 2451 3,

1207 2458 1277 2511 18,
1309 2458 1351 2501 4.
1386 2471 1488 2501 cum
1519 2458 1616 2503 Ian.

1295 2517 1357 2560 ad
1383 2518 1479 2560 137.
1514 2522 1649 2574 tyro
1668 2516 1956 2562 taricham

1206 2576 1340 2620 Hum.
1391 2581 1439 2620 et
1479 2577 1646 2631 pisce
1689 2577 1856 2621 salso
1900 2590 1957 2621 ex

1209 2636 1310 2679 cod.
1336 2648 1434 2679 suo.
1459 2636 1777 2680 exossabis
1794 2636 1840 2679 in
1856 2636 1957 2691 pul-

1207 2707 1292 2750 pas
1325 2706 1486 2749 carpes
1521 2695 1616 2738 151.
1652 2707 1770 2750 quae
1790 2700 1959 2750 postca

1209 2767 1311 2798 cum
1328 2753 1431 2796 aliis
1449 2752 1585 2798 rebus
1604 2751 1833 2798 calefiunt.
1855 2766 1959 2798 ova

1210 2812 1316 2856 dur
1330 2825 1358 2855 a
1388 2824 1485 2868 par.
1529 2817 1577 2856 et
1609 2813 1712 2858 cod,
1744 2813 1877 2857 Hum.
1912 2813 1958 2856 in

1210 2871 1398 2927 reliquis
1432 2885 1519 2916 om.
1555 2898 1609 2904 —
1653 2885 1719 2916 ex
1733 2871 1878 2915 eald.
1912 2873 1959 2915 in

1211 2943 1378 2987 aquam
1422 2931 1619 2975 calidam
1652 2931 1880 2976 immissus
1913 2934 1961 2975 et
