2098 3470
1062 278 1088 291 ‘N

359 345 460 400 150
884 344 983 390 Lib.
1019 344 1118 389 vn.
1162 344 1398 392 PoliteleS.

465 480 586 534 303.
650 479 870 533 Dulcia:
913 479 1158 548 piperato
1200 479 1359 533 mittis
1399 479 1519 546 mel,
1562 496 1779 546 merum,
1822 497 1941 548 pas-

350 571 481 621 sum,
522 558 711 621 rutam,
756 571 818 607 eo
861 554 1021 606 mittis
1074 555 1311 620 nucleos,
1364 553 1557 612 misces
1611 554 1799 606 alicam
1853 555 1941 607 eli-

349 634 548 696 xatam,
588 627 836 682 ‘concisas
876 644 1060 695 nueeS,
1102 629 1376 682 avellanas
1416 632 1583 681 tostas
1636 627 1840 681 adicies
1894 634 1945 682 et

349 702 563 757 inferes

471 778 594 831 304.
657 776 825 829 Aliter
866 775 1071 829 dulcia:
1113 775 1281 844 piper,
1323 775 1559 842 nucleos,
1601 776 1720 841 mel,
1775 780 1944 828 rutam

354 857 406 907 et
445 868 667 920 passum
705 855 865 917 teres,
910 866 1028 903 cum
1067 849 1207 902 lacte
1250 854 1301 902 et
1338 854 1579 916 tractam,
1624 866 1788 917 coges
1823 867 1936 903 coa-

353 927 551 995 gulum,
605 941 776 992 coque
831 941 947 978 cum
1000 923 1224 977 modicis
1278 924 1391 976 ovis
1444 923 1732 992 perfusum,
1786 924 1944 977 melle

350 1017 628 1070 asparsum
671 1004 722 1052 et
758 997 971 1052 inferes

465 1075 588 1129 305.
650 1074 818 1126 Aliter
859 1072 1063 1125 dulcia:
1107 1070 1342 1139 accipies
1384 1071 1625 1138 similam,
1669 1088 1865 1137 coques
1896 1077 1947 1126 et

351 1149 404 1203 in
446 1166 588 1216 aqua
639 1146 832 1213 calida,
884 1146 959 1199 ita
1012 1151 1068 1198 ut
1120 1145 1454 1198 durissimam
1505 1146 1704 1214 pultem
1758 1145 1942 1200 facias,

353 1223 550 1277 deinde
590 1223 645 1275 in
684 1222 940 1275 tabellam
983 1220 1262 1288 expandis.
1318 1236 1435 1272 eum
1489 1219 1768 1286 refrixerit,
1823 1238 1944 1274 con-

354 1298 503 1351 cidis.
548 1297 700 1364 quasi
740 1295 810 1349 ad
854 1294 1036 1348 dulcia
1078 1300 1130 1347 et
1168 1294 1320 1362 fligis
1359 1293 1414 1346 in
1457 1295 1575 1347 oleo
1618 1294 1833 1362 optimo
1873 1295 1945 1348 le

351 1388 464 1439 vas,
506 1370 786 1439 perfundis
826 1370 946 1423 mel.
988 1368 1143 1436 piper
1183 1367 1428 1438 aspargis
1483 1373 1534 1421 et-
1572 1368 1783 1422 inferes.
1839 1386 1944 1420 me-

353 1447 454 1499 lius
494 1445 705 1510 feceliS,
749 1444 792 1498 si
832 1445 918 1496 lae
959 1460 1054 1513 pro
1097 1460 1239 1510 aqua
1278 1441 1500 1496 miseris„

468 1521 592 1574 306.
654 1486 1121 1586 T'ripatinam
1153 1516 1390 1587 accipies
1424 1517 1525 1582 lae,
1567 1516 1824 1570 adversus
1852 1534 1944 1587 pa-

354 1595 520 1648 tinam
559 1593 885 1659 aestimabiS‚
926 1591 1250 1659 temperabis
1292 1592 1374 1644 lac
1416 1608 1532 1644 eum
1585 1591 1743 1644 melle
1797 1591 1946 1658 quasi

1199 1742 1292 1783 tem
1323 1726 1457 1794 ¹quasi
1485 1739 1796 1795 coagulatam,
1830 1752 1947 1795 qnae

1198 1798 1333 1842 nobis
1393 1798 1562 1842 dieitur
1606 1798 1729 1850 klos,
1786 1797 1944 1843 facies.

443 1742 504 1786 ad
536 1742 638 1786 303.
672 1740 834 1786 similis
858 1744 929 1783 est
946 1740 1108 1795 patina

356 1802 440 1845 122
474 1805 522 1846 et
556 1800 653 1845 136.
704 1798 909 1845 dulcia
940 1800 1106 1854 pipe-

353 1865 498 1905 rata.
545 1861 668 1904 mit.
716 1859 853 1904 codd.
905 1861 1106 1915 corrige-

352 1921 460 1965 bam
524 1919 754 1964 dulcia:
825 1919 1105 1975 piperato

352 1980 554 2024 mittis
602 1979 711 2023 mel
759 1982 810 2022 ut
863 1978 997 2022 dulce
1045 1978 1107 2022 sit

353 2039 454 2088 141,
515 2044 563 2083 et
620 2053 676 2084 ex
734 2037 897 2082 eadem
945 2037 1107 2092 patina

353 2098 581 2142 dulcia:
614 2099 954 2153 piperatum
987 2097 1109 2140 mit-

353 2159 436 2202 tis
478 2157 578 2202 scil.
611 2157 657 2200 in
689 2157 908 2212 patinam.
957 2157 1110 2211 „pipe-

353 2219 530 2261 ratum“
563 2220 634 2261 est
665 2217 799 2272 piper
832 2229 933 2259 cum
964 2215 1110 2271 liqua-

355 2277 476 2320 mine
524 2276 683 2319 tritum
732 2276 802 2319 80.
843 2275 913 2318 96.
961 2276 1109 2330 piper,

354 2340 475 2387 ruta,
508 2348 681 2379 merum
716 2334 813 2378 295.
861 2339 908 2377 et
940 2334 1109 2389 pipe-

353 2394 439 2438 ris
474 2399 665 2438 ratam
698 2407 765 2437 m.
800 2394 826 2436 i.
863 2406 899 2436 e.
934 2392 1110 2447 portio-

353 2467 458 2498 nem
502 2452 875 2503 determinatam,
918 2448 1111 2502 firmam,

353 2517 543 2564 certam,
577 2513 936 2567 contingentem.
978 2525 1019 2553 m
1035 2511 1083 2554 is
1096 2537 1110 2543 -

353 2585 451 2617 ces
500 2584 616 2616 corr.
665 2584 750 2627 pro
804 2583 1004 2614 nuces.
1055 2595 1110 2601 —

355 2635 466 2687 post
501 2630 729 2683 „adicies“
774 2629 1002 2686 quaedam
1035 2642 1110 2672 ex—

354 2690 566 2734 ciderunt
579 2702 697 2745 quae
710 2690 929 2744 suppleas
942 2702 996 2732 ex
1006 2688 1108 2732 304.

441 2749 502 2792 ad
521 2749 622 2792 304.
658 2753 910 2791 tractam
943 2748 1108 2791 misces

355 2808 423 2852 illi
482 2820 664 2852 massae
712 2807 864 2851 tritae.
910 2832 964 2839 »-
1015 2819 1107 2850 οο-

354 2881 461 2923 ges
495 2880 610 2918 corr.
645 2880 730 2921 pro
765 2879 827 2910 co
844 2879 998 2922 ques.
1033 2878 1108 2908 ex-

353 2926 505 2981 plico:
539 2939 595 2970 ex
617 2925 698 2968 illa
718 2937 875 2969 massa
898 2923 1109 2969 conferta

357 2986 527 3043 depsta
569 2984 813 3043 coagulum
853 2985 882 3029 i.
924 2997 962 3028 0.
1006 2983 1108 3041 pul·

1200 1862 1380 1902 coctum
1423 1858 1603 1914 aliquot
1647 1859 1747 1901 ovis
1795 1858 1946 1903 crudis

1197 1915 1489 1973 perfunditur
1521 1917 1678 1973 sicque
1695 1918 1944 1961 inauratur.

1198 2001 1250 2006 —
1272 1990 1357 2032 pro
1392 1990 1512 2020 011111
1541 1977 1696 2020 malim
1728 1982 1841 2021 tum
1872 1976 1946 2021 vel

1198 2040 1445 2087 coctum,
1465 2061 1515 2065 -
1536 2036 1713 2080 melle
1743 2037 1788 2080 in
1819 2036 1947 2093 quin-

1202 2108 1289 2150 que
1323 2096 1468 2139 deest.

1290 2155 1351 2198 ad
1383 2155 1483 2198 305.
1533 2154 1585 2198 in
1620 2167 1823 2210 aquam
1857 2167 1947 2198 oa-

1202 2213 1377 2257 lidam
1421 2213 1555 2258 codd.
1601 2227 1714 2258 corr.
1759 2228 1815 2258 ex
1845 2213 1945 2256 427.

1201 2298 1256 2304 —
1288 2272 1608 2316 durissima
1639 2273 1809 2327 pulte
1841 2273 1947 2317 libri

1200 2337 1386 2388 praeter
1429 2332 1499 2376 ed.
1543 2345 1611 2387 pr.
1646 2336 1692 2375 et
1723 2332 1856 2376 Hum.
1892 2358 1944 2363 -—

1201 2390 1499 2435 tabellam
1533 2404 1589 2435 ex
1620 2390 1690 2434 41.
1714 2392 1809 2435 169.
1831 2405 1944 2435 corr.

1202 2463 1287 2506 pro
1319 2449 1628 2506 patellam.
1664 2474 1716 2479 ψ
1753 2450 1948 2495 eonci-

1204 2509 1296 2552 dis
1328 2510 1504 2565 pultem
1538 2509 1771 2562 siccatam,
1805 2510 1946 2554 disse-

1203 2568 1330 2613 cabis
1363 2570 1407 2612 in
1440 2569 1645 2613 bucellas
1682 2570 1780 2613 sive
1812 2570 1946 2613 offas,

1201 2653 1255 2657 -—
1289 2628 1360 2671 ad
1393 2642 1448 2672 ex
1479 2628 1579 2672 306.
1606 2627 1704 2671 185.
1735 2629 1831 2671 186.
1866 2628 1946 2671 ad-

1199 2687 1298 2730 ieci.
1323 2712 1375 2718 ——
1404 2700 1506 2742 pro
1535 2699 1739 2742 aquam
1768 2691 1809 2738 β.
1844 2700 1946 2742 per

1199 2758 1404 2802 aquam
1439 2745 1509 2788 ed.
1543 2758 1610 2800 pr.

1288 2805 1349 2848 ad
1381 2805 1482 2848 306.
1547 2804 1944 2859 tiropatinam

1198 2864 1462 2919 placentam
1506 2864 1550 2906 in
1592 2863 1778 2907 modum
1822 2864 1945 2907 casei

1200 2937 1224 2967 e
1257 2923 1393 2972 lacte,
1428 2923 1542 2973 ovis,
1585 2923 1720 2966 melle
1763 2921 1944 2966 confec-

1200 2987 1293 3028 tam
1311 2982 1684 3040 interpretantur.
1719 2987 1769 3025 at
1790 2981 1944 3037 legen--
