2098 3470
646 324 747 368 Lib.
764 324 886 368 VIII.
921 323 1168 379 Tetrapus.
1620 324 1724 377 159

242 459 362 511 333.
404 459 466 509 In
507 474 692 524 aprum
733 473 911 508 assum
950 456 1067 508 iura
1105 456 1368 509 ferventia
1406 456 1577 509 facies
1612 456 1717 509 sic:

130 532 300 602 piper,
344 531 587 584 ciminum
629 531 857 597 frictum,
888 530 978 600 api
1006 547 1205 596 semen,
1236 535 1488 597 mentam,
1518 530 1719 597 timum,

130 606 433 671 satureiam,
476 605 627 658 cneci
664 604 839 670 floreS,
880 604 1099 656 nucleos
1137 609 1306 656 tostos
1334 604 1422 656 vel
1449 603 1723 671 amigdala

129 684 285 744 tosta,
345 680 466 745 mel,
526 679 721 745 vinum,
781 678 1081 744 liquaminis
1141 678 1497 743 acetabulum,
1550 679 1725 731 oleum

129 752 412 805 modicum.

242 825 576 880 3342A1ite1·
614 824 668 875 in
709 841 897 891 aprum
938 841 1115 877 assum
1155 825 1273 877 iura
1311 824 1603 878 ferventia:
1646 825 1724 893 pi-

130 917 228 968 per
265 899 566 967 ligisticum,
609 899 698 967 api
739 915 938 965 semen,
981 904 1229 965 mentam,
1266 900 1464 965 timum,
1506 900 1758 953 nucleos·

129 978 314 1040 tostos,
358 973 551 1037 vinum,
593 976 819 1038 acetum,
860 973 1129 1041 liquamen
1159 978 1210 1025 et
1238 974 1411 1026 oleum
1440 973 1724 1027 modicum.

133 1065 252 1101 cum
290 1049 371 1099 ius
412 1046 639 1116 simplex
680 1047 925 1113 bullierit,
966 1051 1090 1100 tunc
1116 1047 1335 1100 triturae
1365 1048 1583 1113 globum
1610 1048 1726 1100 mit-

131 1122 196 1175 tis
239 1126 291 1175 et
342 1121 517 1188 agitas
572 1137 707 1189 cepa
761 1126 812 1173 et
861 1126 1012 1174 rutae
1063 1121 1338 1174 fasciculo.
1395 1121 1440 1174 si
1494 1122 1726 1176 volueris

131 1195 382 1266 pinguius
421 1194 620 1260 facere,
664 1195 844 1261 obliga
884 1195 928 1248 si
967 1195 1046 1247 vis
1093 1196 1215 1249 albo
1259 1212 1477 1248 ovorum
1505 1196 1724 1263 liquido,

133 1286 318 1322 moves
358 1269 629 1338 paulatim.
672 1269 918 1337 aspargis
958 1269 1113 1339 piper
1151 1270 1329 1322 tritum
1370 1275 1422 1323 et
1460 1270 1674 1324 inferes.

144 1361 151 1365 “
245 1344 367 1398 335.
422 1345 512 1396 Ius
563 1343 618 1394 in
670 1360 858 1411 aprum
913 1344 1136 1397 elixum:
1198 1345 1368 1416 piper,
1422 1345 1725 1413 ligisticum,

135 1418 399 1484 ciminum,
441 1418 540 1484 sili,
584 1417 878 1484 origanum,
920 1419 1158 1487 nucleOS,
1201 1420 1471 1487 cariotam,
1503 1436 1724 1488 senape,

133 1498 358 1558 acetum,
400 1492 669 1559 liquamen
710 1496 761 1545 et
801 1493 989 1545 oleum.

246 1568 366 1620 336.
406 1568 496 1618 Ius
535 1565 787 1633 frigidum
826 1566 879 1618 in
921 1584 1107 1636 aprum
1150 1567 1375 1620 elixum:
1413 1567 1584 1636 piper,
1643 1585 1728 1621 ca-

134 1658 298 1709 reum,
359 1640 661 1708 ligisticum,
718 1640 982 1693 coriandri
1035 1658 1218 1694 semen
1284 1641 1512 1709 frictum,
1586 1642 1730 1696 aneti

136 1733 336 1783 semen,
379 1714 469 1785 api
497 1731 696 1781 semen,
733 1715 931 1782 timum,
963 1715 1259 1782 origanum,
1294 1717 1577 1784 cepullam,
1606 1717 1729 1785 mel,

136 1795 363 1857 acetum,
404 1806 622 1857 senape,
664 1789 950 1858 liquamen,
993 1791 1183 1844 oleum.

136 1951 348 2001 murrina,
381 1950 630 2009 myrrhina.
681 1977 730 1981 —
772 1963 883 1995 ma·
973 1951 1060 1996 nis
1093 1966 1150 1997 ex
1171 1965 1267 2008 par.
1293 1966 1380 2009 pro
1414 1952 1730 2009 liquamen.

138 2012 168 2055 d
181 2024 205 2056 e
218 2024 239 2055 s
255 2024 318 2054 ca
331 2016 351 2054 t
382 2011 640 2063 mollescat,
683 2015 883 2055 teneres·
974 2012 1015 2055 li
1031 2025 1097 2067 qu
1111 2025 1229 2056 ame
1247 2026 1301 2064 11,
1381 2025 1409 2056 a
1423 2026 1446 2057 c
1460 2026 1483 2057 e
1498 2018 1611 2057 tum
1674 2014 1728 2057 H.

138 2075 227 2122 cat,
259 2076 529 2115 maceretur.
565 2096 618 2100 ——
662 2083 683 2113 s
698 2084 760 2115 en
773 2083 800 2114 a
815 2085 844 2126 p
859 2085 884 2115 e
977 2071 1201 2127 ὀξύγαρον.

133 2129 268 2174 codd.
317 2131 413 2173 127.
457 2135 514 2174 et
545 2128 772 2174 inferes
817 2134 881 2172 θκ.

222 2189 284 2232 ad
315 2191 415 2232 33⁶2.
451 2194 804 2234 extenteras
837 2190 882 2233 in

132 2248 355 2305 plurimis,
390 2253 817 2293 extenteratas
851 2249 881 2297 ζ.

134 2312 457 2352 exenteras
505 2308 575 2352 ed.
610 2321 674 2362 pr.
712 2322 885 2353 exen-

134 2371 368 2411 teratas
401 2368 454 2410 H.
490 2367 692 2423 explicat
728 2381 885 2412 excor-

133 2426 317 2470 ticatas.
353 2427 618 2471 scribebant
654 2427 763 2471 olim
787 2432 885 2471 ten-

134 2498 313 2540 peram,
346 2486 466 2529 unde
499 2490 700 2530 mentum
734 2493 782 2530 et
813 2486 884 2530 43.

136 2569 189 2574 ——
224 2544 351 2587 sale
385 2543 582 2589 facies
615 2545 660 2588 in
693 2550 883 2600 septem.

136 2627 189 2634 -
223 2602 411 2647 ferme
442 2604 487 2647 in
522 2608 734 2660 quatuor,
761 2604 886 2660 quod

135 2667 207 2707 est
252 2662 467 2716 „ferine“‚
510 2677 594 2719 pro
639 2677 755 2708 voce
796 2677 887 2707 non

134 2721 374 2767 intellecta
406 2722 573 2767 lacuna
605 2728 676 2767 est
708 2723 754 2766 in
787 2727 856 2765 θκ.

235 2782 296 2825 ad
335 2783 436 2827 333.
499 2782 719 2827 enechi
771 2781 890 2831 flos

136 2840 271 2886 codd.
307 2841 513 2886 enethi
546 2842 576 2890 ζ.
614 2841 891 2886 cnieiflo-

135 2914 231 2945 res
264 2901 320 2944 H.
354 2902 400 2944 in
433 2914 579 2958 marg.
616 2902 761 2954 „alias
784 2915 891 2945 ane-

138 2959 248 3005 thi“.
283 2960 345 3003 ad
378 2961 478 3006 228.
514 2986 568 2993 -
611 2961 891 3017 liquami-

1066 2146 1127 2205 ad
1170 2146 1269 2190 334.
1336 2146 1429 2189 ius
1477 2146 1729 2202 simplex

976 2218 1175 2260 quocum
1209 2218 1316 2250 caro
1350 2217 1530 2261 apruna
1574 2219 1732 2262 coqui-

978 2270 1053 2308 tur
1086 2264 1185 2309 204.
1207 2291 1260 2295 -—
1294 2266 1581 2321 pinguius
1611 2278 1731 2309 cras-

978 2326 1072 2367 sius
1117 2337 1172 2368 ex
1213 2325 1328 2368 Plin.
1377 2324 1477 2367 Val.
1513 2326 1553 2377 2,
1595 2325 1653 2368 45
1685 2338 1729 2380 p.

980 2384 1079 2427 188.
1121 2383 1166 2427 b.
1211 2384 1281 2428 ed.
1327 2382 1440 2427 Ald.
1485 2397 1602 2428 corr.
1645 2398 1729 2439 pro

976 2443 1199 2498 pingue
1256 2444 1346 2487 ius
1408 2448 1463 2486 et
1523 2444 1732 2500 pingui

977 2503 1075 2545 ius.
1111 2502 1272 2546 similis
1298 2502 1497 2547 variatio
1515 2516 1592 2558 ap.
1611 2503 1729 2547 Cels.

977 2562 1019 2610 3,
1062 2557 1185 2604 6fin.
1223 2587 1275 2591 —
1318 2575 1517 2606 moves
1551 2562 1731 2606 coclea-

979 2620 1047 2664 rio
1081 2633 1163 2664 seu
1195 2620 1364 2676 spatha
1395 2621 1606 2666 Scribon.
1629 2622 1699 2665 45.

1084 2701 1146 2744 ad
1191 2703 1291 2746 335.
1343 2702 1447 2747 sili
1494 2716 1611 2748 corr.
1659 2703 1730 2748 35.

979 2774 1063 2817 pro
1113 2760 1260 2806 silfi.
1317 2788 1371 2794 -—
1415 2763 1525 2807 mel
1574 2775 1599 2808 e
1646 2776 1730 2808 suo

982 2820 1084 2865 cod.
1120 2820 1226 2865 add.
1262 2821 1393 2865 Hum.
1540 2832 1543 2835 ·

1066 2902 1131 2955 ,ad
1163 2903 1264 2947 336.
1310 2903 1444 2962 deest
1476 2904 1520 2948 in
1553 2880 1649 2960 par.
1686 2909 1733 2949 et

983 2961 1054 3006 ed.
1088 2975 1158 3019 pr.
