2098 3470
364 287 430 339 16
1031 288 1282 335 Praefatio.

362 423 483 490 „tio.
511 452 579 458 -—
619 421 830 473 tulimus
868 421 1008 475 hunc
1047 423 1322 476 nobiscum
1364 426 1431 477 ob
1470 426 1833 479 venerandam
1861 445 1948 481 ve-

362 514 642 579 „tustatem
679 527 776 578 pro
818 527 1092 579 opsopoeo
1132 512 1187 563 in
1239 506 1594 566 Germaniam*
1629 520 1735 567 tam
1774 516 1950 583 prodi-

363 599 548 669 „giose
589 604 906 668 corruptum,
960 604 1016 651 ut
1056 601 1231 653 omnia
1269 601 1567 656 instaurare
1615 603 1729 656 sine
1772 622 1948 658 emen-

362 687 601 758 „datiore
642 687 828 741 codice
855 704 962 740 non
984 687 1122 741 foret
1160 689 1372 742 humani
1418 691 1636 758 ingenii.
1680 709 1946 761 quaprop-

362 781 475 847 „ter
515 781 567 830 et
591 776 939 845 premendum
967 778 1129 845 plane
1157 780 1459 846 censebam,
1501 780 1675 834 donec
1715 782 1950 835 melioris

363 865 619 935 „alicuius
660 865 981 933 exemplaris
1020 865 1171 920 fieret
1212 868 1384 935 copia,
1441 869 1582 935 quod
1630 887 1950 937 acceperam

364 971 517 1026 „esse
542 954 694 1007 annis
722 953 915 1009 abhinc
949 957 1069 1024 plus
1097 957 1268 1011 minus
1298 959 1684 1027 quinquaginta
1713 959 1951 1014 Venetiis

363 1060 725 1115 „expressum
767 1061 956 1098 moveo
995 1045 1175 1113 itaque
1216 1064 1423 1101 omnem
1472 1048 1708 1119 lapidem
1756 1048 1952 1102 frustra

364 1133 659 1208 „triplicem
678 1133 1019 1203 trieteridem,
1049 1152 1152 1202 quo
1178 1137 1396 1190 tandem
1416 1143 1656 1207 tempore
1684 1139 1777 1210 (Is.
1807 1139 1950 1193 Hon-

364 1227 540 1294 „terus
564 1222 908 1294 Ueronensis)
938 1241 1005 1278 ex
1032 1225 1433 1280 Transsilvania
1455 1226 1584 1280 illud
1613 1227 1951 1281 venetianum

307 1346 311 1355 ·
365 1313 601 1384 „accepi
627 1311 770 1380 quod
793 1313 881 1366 ubi
902 1313 1234 1382 accepissem
1248 1315 1409 1383 longe
1433 1315 1775 1384 depravatius
1794 1332 1949 1384 quam

366 1403 797 1475 „megalonense,
839 1402 1011 1457 abieci
1053 1420 1262 1457 omnem
1305 1404 1501 1459 edendi
1552 1422 1719 1474 spem.
1781 1406 1950 1459 ausim

366 1491 539 1563 „enim
578 1492 753 1546 iurare
795 1508 887 1545 eos
913 1492 1000 1559 qui
1027 1497 1248 1560 utraque
1275 1493 1366 1546 illa
1402 1494 1728 1563 exemplaria
1764 1511 1949 1548 exara-

365 1586 585 1652 „verant
623 1598 691 1634 ne
723 1582 1000 1635 verbulum
1024 1582 1239 1651 quidem
1276 1583 1622 1650 intellexisse,
1661 1583 1737 1636 ita
1776 1583 1953 1636 omnia

365 1669 708 1741 „simpliciter
732 1674 882 1723 erant
902 1670 1211 1726 foedissime
1233 1672 1529 1741 depravata
1549 1672 1769 1726 vocibus
1798 1689 1952 1726 cunc-

366 1760 464 1831 „tis
504 1759 685 1813 vitiate
725 1759 934 1828 scriptis
974 1778 1074 1815 nec
1123 1762 1335 1829 graecis
1383 1778 1483 1815 nec
1522 1761 1701 1814 latinis
1741 1761 1954 1814 auribus

367 1849 643 1920 „cognitiS,
673 1848 786 1902 sine
810 1848 1049 1902 diastolis
1077 1854 1130 1903 et
1155 1850 1381 1921 punctis,
1411 1851 1497 1904 vel
1522 1849 1712 1904 iisdem
1742 1850 1954 1903 omnino

366 1938 778 2011 „praeposteris,
821 1955 958 2006 quae
986 1939 1275 1992 sententias
1305 1943 1646 2005 commutare,
1682 1938 1954 2009 amphibo-

367 2028 573 2099 „logias
615 2027 773 2094 ciere,
813 2027 1133 2096 labyrinthio
1171 2045 1431 2097 quemque
1470 2028 1556 2081 vel
1594 2012 1956 2095 ingeniosissi-

368 2134 544 2188 „mum
567 2117 842 2171 involvere
869 2117 924 2169 in
953 2116 1199 2170 confesso
1241 2122 1335 2171 est.
1380 2117 1567 2186 quibus
1594 2116 1840 2169 monstris
1868 2115 1958 2170 de-

369 2206 569 2278 „territi
596 2205 886 2260 abiecimus
907 2211 1184 2274 utrumque
1208 2206 1449 2261 codicem
1483 2221 1581 2259 ceu
1608 2204 1958 2272 deploratum.

369 2295 613 2367 „interim
653 2294 876 2348 studiosi
916 2295 1131 2364 quidam
1171 2295 1487 2364 praesertim
1534 2294 1659 2347 artis
1717 2293 1962 2347 medicae

370 2402 612 2457 „mecum
642 2385 999 2453 expostulant,
1031 2401 1163 2451 quur
1190 2389 1298 2437 tam
1324 2388 1586 2438 vetustum
1615 2387 1855 2436 autorem
1883 2382 1961 2451 ip-

370 2475 476 2546 „sis
517 2475 944 2542 qualemcunque
983 2473 1375 2527 communicare
1414 2477 1523 2525 tam
1564 2472 1654 2524 diu
1702 2471 1962 2538 differam,

372 2562 761 2635 „efflagitantes
786 2563 993 2616 interea
1020 2580 1089 2616 ne
1118 2561 1374 2617 abderem
1408 2562 1621 2629 diutius,
1662 2560 1761 2615 sed
1787 2560 1842 2613 in
1868 2576 1963 2630 pu-

372 2653 602 2724 „blicum
639 2669 736 2721 pro
775 2669 896 2706 meo
938 2652 1173 2706 candore
1229 2652 1480 2705 emittam.
1543 2648 1768 2719 proinde
1825 2665 1965 2701 nunc

374 2742 672 2814 „edidimus
699 2741 935 2810 tandem,
975 2758 1044 2795 ne
1069 2741 1172 2794 situ
1197 2756 1415 2810 prorsus
1458 2742 1821 2793 emacesceret
1853 2737 1965 2806 ple-

373 2833 585 2905 „risque
614 2832 823 2886 mendis
849 2837 1030 2885 nostra
1056 2848 1223 2900 opera
1261 2830 1390 2884 satis
1423 2826 1780 2894 tumultuaria,
1821 2826 1966 2879 nullo

374 2939 574 2996 „saepe
602 2922 932 2990 suffragante
962 2919 1271 2993 exemplari,
1304 2917 1542 2985 sublatiS,
1573 2915 1710 2971 adeo
1749 2919 1803 2968 ut
1837 2913 1968 2969 citra
