2098 3470
293 844 569 919 Incipit
608 808 811 917 Apici
852 840 1048 895 Caeli
1089 838 1439 913 epimeles.

754 962 886 1017 LIB.
930 961 971 1015 I.

179 1100 223 1153 1.
269 1096 630 1153 Conditum
659 1095 1113 1167 paradoxum:
1149 1092 1366 1167 [conditi
1393 1091 1659 1165 paradoxi

68 1172 382 1245 conpositio]
415 1171 586 1226 mellis
614 1175 799 1242 partes
827 1171 928 1224 XV
953 1170 1009 1224 in
1049 1187 1275 1224 aeneum
1314 1185 1410 1222 vas
1451 1168 1659 1222 mittun-

60 1254 143 1302 tur
192 1247 498 1319 praemissis
546 1246 654 1299 vini
693 1246 939 1298 sextariis
980 1244 1205 1312 duobUS‚
1255 1248 1312 1299 ut
1347 1244 1404 1296 in
1444 1248 1660 1299 coctura

60 1323 229 1377 mellis
280 1324 458 1375 vinum
511 1319 782 1386 decoquas
855 1319 997 1388 quod
1050 1319 1162 1386 igni
1210 1319 1354 1372 lento
1405 1322 1456 1371 ct
1496 1318 1660 1372 aridis

64 1397 223 1464 lignis
278 1395 593 1449 calefactum
644 1399 944 1447 conmotum
991 1393 1163 1447 ferula
1218 1392 1361 1464 [dum
1401 1390 1657 1465 coquitur]

65 1471 108 1524 si
152 1471 408 1523 effervere
451 1469 704 1539 coeperit,
745 1468 853 1521 vini
896 1485 1014 1521 rore
1050 1468 1402 1538 conpescitur,
1446 1471 1661 1537 praeter

67 1544 203 1612 quod
240 1545 508 1597 subtracto
539 1543 650 1611 igni
683 1542 737 1594 in
771 1559 829 1595 se
860 1542 1014 1595 redit.
1053 1558 1170 1596 cum
1198 1540 1517 1612 pe1·frixerit‚'
1552 1558 1659 1594 rur-

65 1635 154 1672 sus
195 1617 520 1683 accenditur,
570 1617 671 1670 hoc
726 1616 962 1670 secundo
1004 1634 1068 1670 ac
1108 1615 1261 1669 tertio
1300 1615 1392 1668 fiet
1447 1633 1512 1669 ac
1551 1619 1661 1669 tum

67 1693 276 1747 demum
318 1698 578 1745 remotum
617 1710 650 1744 a
681 1691 804 1744 foco
839 1690 1096 1761 postridie
1132 1689 1492 1759 despumatur.
1535 1695 1661 1744 tunc

65 1767 267 1838 piperis
307 1784 427 1820 unc.
470 1766 611 1820 1111g
641 1764 849 1819 contriti
882 1765 1118 1819 masticis
1153 1765 1413 1835 scripulos
1441 1765 1539 1820 ΙΙΙ.
1565 1763 1662 1818 soli

66 1847 118 1895 et
157 1841 299 1907 croci
330 1840 581 1908 dragmas
622 1840 859 1907 singulas
910 1840 1226 1893 dactilorum
1266 1839 1473 1892 ossibus
1512 1838 1660 1893 torri-

71 1915 152 1969 dis
194 1916 423 1983 quinque
463 1914 529 1968 iis
566 1915 796 1981 denique
833 1913 1078 1986 [dactilis]
1120 1913 1243 1966 vino
1280 1913 1542 1980 emollitiS,
1582 1913 1660 1966 in-

69 1989 377 2043 tercedente
431 1990 577 2059 prius
630 1988 919 2043 suffusione
971 1988 1082 2041 vini
1136 1987 1204 2040 de
1257 2004 1353 2040 suo
1394 1987 1555 2041 modo
1596 2005 1661 2042 ac

69 2080 288 2117 numero
329 2067 384 2115 ut
416 2063 599 2116 tritura
630 2063 765 2116 levis
796 2062 1071 2116 habeatur,
1113 2061 1195 2115 his
1231 2061 1473 2115 omnibus
1505 2079 1660 2133 para-

68 2139 134 2191 tis
174 2136 495 2208 supermittis
535 2137 643 2190 vini
682 2136 816 2190 lenis
859 2137 1120 2190 sextarios
1158 2136 1359 2192 XVIII.
1401 2138 1665 2192 carbones

64 2211 309 2283 perfecto
351 2210 578 2264 aderunt
617 2211 722 2264 duo
766 2211 926 2265 milia.

159 2374 368 2419 Graecos
389 2373 550 2418 titulos
582 2374 708 2430 apud
726 2374 820 2418 Ro·
911 2374 997 2419 bos
1031 2374 1191 2418 condit
1223 2378 1270 2418 et
1302 2374 1461 2430 coquit
1499 2378 1547 2418 et
1579 2375 1683 2419 do-.

70 2445 231 2477 manos
264 2433 310 2476 in
342 2446 427 2477 usu
459 2432 615 2485 fuisse,
650 2434 731 2478 sed
755 2434 819 2477 la·
911 2434 1065 2477 minici
1091 2430 1278 2488 palatus
1301 2433 1518 2477 subtilem
1542 2434 1662 2478 noti-

71 2493 180 2536 tinis
213 2492 358 2536 literis
390 2497 622 2543 exaratos,
666 2498 819 2537 osten·
911 2493 1023 2537 tiam
1055 2492 1226 2537 habere
1256 2492 1411 2544 debet,
1435 2493 1559 2548 apud
1581 2492 1661 2538 Se-

68 2552 137 2596 dit
164 2551 319 2596 Osann
336 2550 554 2595 Analect.
580 2552 690 2596 Crit.
721 2565 756 2595 c.
775 2551 819 2596 4.
909 2565 1010 2596 nec.
1054 2565 1124 2607 ep.
1167 2552 1240 2603 47,
1280 2552 1323 2597 6.
1367 2577 1421 2582 ——
1464 2551 1660 2596 mellis

66 2625 109 2666 p.
130 2611 200 2655 62.
234 2615 329 2654 not.
361 2612 397 2653 1.
432 2615 479 2654 et
501 2609 738 2655 Weichert
759 2610 821 2654 ad
911 2624 1014 2667 per
1057 2611 1192 2655 codd.
1235 2625 1304 2655 m.
1337 2615 1542 2666 partes
1585 2611 1660 2656 ed.

66 2671 251 2714 Poetar.
286 2670 366 2713 lat.
399 2670 529 2725 reliq.
563 2683 606 2725 p.
641 2669 713 2713 46.
745 2669 819 2714 47.
910 2684 979 2726 pr.
1021 2670 1156 2714 Hum.
1201 2670 1378 2714 conieci
1414 2670 1525 2714 olim
1557 2684 1661 2726 per

68 2727 152 2772 Ad
185 2729 466 2773 adiectivum
501 2727 698 2782 ἒπιμελὴς
729 2743 820 2773 non
910 2734 1116 2785 partes
1154 2729 1184 2772 i.
1226 2743 1262 2773 e.
1305 2729 1517 2784 partibus
1558 2730 1658 2774 188.

67 2793 120 2831 ut
161 2787 207 2831 in
248 2787 352 2831 aliis
395 2788 545 2832 titulis
577 2788 820 2844 suppletur
909 2790 1009 2832 375.
1057 2802 1113 2832 ex
1154 2788 1321 2843 Veget.
1367 2792 1452 2831 art.
1488 2792 1583 2833 vet.
1615 2790 1658 2841 3,

67 2847 215 2897 βίβλος
245 2847 328 2891 sed
354 2847 586 2902 ὅψοποίος,
619 2847 821 2892 obsona-'
909 2849 949 2898 6,
986 2849 1053 2890 11.
1091 2847 1267 2903 Gargil.
1300 2848 1433 2890 Mart.
1468 2848 1526 2892 de
1559 2849 1657 2893 arb.

71 2909 168 2956 τοῖς
215 2906 440 2961 coquinae
482 2906 705 2962 magister
735 2907 817 2950 Isi-
906 2905 1067 2962 pomis.
1100 2907 1143 2957 3,
1174 2907 1215 2950 4.
1251 2910 1302 2950 ut
1343 2907 1425 2950 sit:
1468 2908 1660 2951 sextarii

70 2962 172 3009 dori
205 2964 326 3021 Orig.
361 2965 433 3018 20,
466 2967 508 3021 2,
539 2965 610 3009 32.
646 2965 723 3027 qui
754 2965 817 3010 ci·
909 2965 1168 3023 quindecim
1200 2965 1350 3014 mellis
1385 2965 1432 3010 in
1461 2965 1658 3015 ahenum
