2098 3470
392 319 495 372 130

897 321 995 366 Lib.
1028 321 1105 366 VI.
1170 320 1412 377 Tropetes

390 452 496 502 lum
538 468 604 504 ex
642 452 754 504 iure
809 456 1031 518 coctum,
1087 470 1188 506 ova
1242 453 1532 519 confringis
1589 459 1641 505 et
1694 456 1972 509 conmiscis

389 530 442 576 ut
495 541 654 576 unum
708 542 899 593 corpus
954 527 1173 592 efficiaS‚

1240 528 1525 594 liquamine
1588 532 1854 594 temperas
1921 534 1974 581 et

389 598 565 649 oleum
603 598 813 651 modice
841 600 1017 665 mittis,
1058 601 1215 667 piper
1240 600 1519 666 integrum,
1560 602 1781 653 nucleos
1809 603 1972 654 abun-

388 670 590 723 danter.
646 671 732 724 fac
783 673 837 723 in
888 689 1113 739 pensam
1171 678 1223 725 et
1273 674 1447 740 inples
1486 674 1685 741 pullum
1729 676 1813 727 vel
1853 691 1971 742 por-

388 743 593 796 cellum.
646 786 778 797 .....

499 817 626 875 253,
667 818 904 870 similiter
943 818 995 869 in
1037 836 1200 886 capso
1241 819 1426 872 facies
1473 819 1680 871 ossibus
1717 820 1973 874 coniectis

387 906 583 956 coques
629 922 689 928 -
748 891 982 960 accipies
1036 893 1325 961 palmulum
1378 898 1430 945 et
1482 909 1672 945 oneras
1712 898 1768 945 ut
1809 910 1974 961 supra

387 964 597 1033 operies
636 963 783 1015 illurn
822 982 855 1016 a
894 970 1129 1034 pectore.

498 1037 622 1089 254.
683 1038 926 1090 Pullus
981 1039 1376 1091 eleozomus
1416 1039 1646 1106 accipiat
1684 1056 1877 1106 aquam
1921 1044 1973 1092 et

388 1109 560 1162 oleum
608 1126 831 1177 spanum
885 1111 1178 1164 abundans
1237 1112 1469 1178 agitatur
1521 1117 1577 1164 ut
1629 1130 1696 1165 ex
1751 1129 1809 1165 se
1865 1130 1972 1164 am-

387 1183 531 1236 bulet
583 1188 636 1235 et
674 1200 910 1237 umorem
939 1190 1229 1238 consumat.
1272 1191 1461 1252 postea
1490 1202 1606 1239 cum
1648 1190 1830 1239 coctus
1861 1184 1972 1239 fue-

387 1256 467 1322 rit,
509 1256 865 1324 quodcunque
904 1274 1062 1326 porro
1103 1259 1416 1312 remanserit
1454 1259 1578 1312 inde
1606 1260 1773 1313 lavas.
1818 1260 1975 1328 piper

388 1330 633 1398 aspargis
674 1335 726 1383 et
763 1331 976 1384 inferes,

388 1461 575 1518 ilique
608 1462 911 1506 cuminatfi
943 1475 972 1506 a
1004 1477 1130 1508 cer·

390 1520 520 1565 vice
552 1534 674 1576 exp.
721 1521 823 1565 cod.
868 1539 907 1576 γ.
949 1523 1040 1567 sic
1072 1527 1132 1567 ut

390 1579 631 1635 aliquae
665 1581 963 1624 cuminatfi
996 1582 1131 1626 omis-

389 1651 441 1682 so
474 1652 504 1693 p
519 1638 706 1691 ullum,
740 1639 865 1695 quod
883 1640 991 1683 etin
1010 1640 1128 1684 florr.

389 1697 533 1741 deest.
551 1697 652 1741 cod.
687 1710 785 1753 par.
817 1699 905 1742 sic
938 1705 998 1742 ut
1029 1699 1132 1742 ali-

391 1769 499 1812 que
553 1757 803 1812 (aliquor
857 1770 946 1801 sec.
995 1758 1131 1810 man.)

391 1814 576 1859 cinam
618 1815 693 1858 tu.
737 1814 786 1863 ὃζ
823 1816 982 1860 sicut
1022 1817 1134 1860 ali-

391 1886 536 1930 quae
561 1875 957 1918 cuminatuma
982 1875 1135 1920 cervi

391 1937 448 1976 et
480 1945 601 1988 exp.
638 1934 859 1989 (acervi
899 1939 956 1978 et
996 1935 1135 1978 etiam

391 1992 436 2034 in
464 2008 500 2046 γ.
535 1997 582 2035 et
614 2005 697 2047 pro
741 1994 886 2045 „sicut
923 1993 1131 2049 aliquae“

390 2050 554 2094 lacuna
585 2051 630 2093 in
668 2051 737 2104 θκ)
771 2051 844 2097 ed.
877 2065 943 2106 pr.
978 2053 1136 2096 sicut

391 2109 595 2164 alique
684 2111 1031 2154 cuminatum
1108 2124 1136 2154 a

391 2168 622 2212 cervice
672 2182 774 2224 exp.
831 2168 952 2213 forte
1008 2170 1140 2213 malis

391 2227 723 2271 carinatum
787 2230 1013 2280 carinam,
1075 2229 1139 2272 al-

390 2299 536 2331 veum.
573 2312 626 2316 -
670 2299 699 2329 a
742 2288 977 2331 cervice
1017 2301 1136 2343 exp.

389 2357 418 2388 a
448 2345 573 2401 gula,
605 2357 633 2388 a
664 2350 851 2401 gutture
881 2347 1060 2401 aperies
1093 2351 1141 2390 et

391 2404 682 2448 exenterabis
700 2406 800 2449 372.
830 2405 891 2448 ad
925 2406 1022 2448 236.
1045 2418 1138 2449 cer-

390 2464 467 2507 vix
499 2464 644 2507 rarius
684 2468 756 2508 est
787 2465 991 2508 anterior
1031 2476 1139 2519 pars

391 2522 514 2567 colli.
562 2547 612 2551 —
668 2523 928 2578 aliquam
982 2537 1140 2567 omnes

388 2585 573 2637 praeter
603 2593 699 2635 par.
736 2583 835 2626 208.
869 2582 1030 2625 similis
1056 2583 1137 2625 im-

389 2652 534 2696 pensa
565 2640 663 2683 289.
689 2666 741 2670 -—
774 2654 838 2684 ex
870 2641 997 2684 iure
1018 2641 1137 2685 iuste

393 2700 491 2743 181.
524 2699 694 2755 piper
725 2699 824 2742 int.
870 2700 1137 2755 interpones

393 2781 444 2788 ——
493 2758 872 2802 abundantes
925 2759 1022 2801 254.
1083 2783 1137 2788 —-

390 2817 436 2860 in
467 2829 707 2872 pensam
743 2818 840 2861 159.
863 2822 972 2873 post
1008 2830 1138 2871 „por-

391 2876 583 2920 cellum“
634 2875 763 2920 locus
812 2877 996 2921 videtur
1045 2875 1138 2919 illis

390 2936 545 2980 verbis
579 2935 677 2979 248.

1311 1464 1488 1508 ad253.
1544 1476 1715 1509 casso
1748 1477 1848 1520 par.
1883 1477 1974 1510 ca-

1222 1536 1294 1577 po
1328 1523 1397 1567 ed.
1433 1536 1498 1578 pr.
1532 1523 1588 1567 Η.
1609 1535 1774 1578 capsus
1806 1523 1881 1567 vel
1902 1527 1974 1567 est

1224 1582 1378 1625 vesica
1397 1581 1572 1625 bubula
1589 1583 1675 1625 372
1710 1582 1783 1626 vel
1817 1595 1972 1626 omen-

1225 1645 1320 1683 tum
1359 1640 1434 1683 vcl
1482 1645 1623 1691 carta,
1660 1641 1704 1684 in
1739 1654 1829 1696 quo
1864 1654 1974 1697 ope-

1224 1698 1418 1742 rimento
1470 1699 1677 1754 impensa
1724 1700 1974 1743 includitur

1225 1762 1272 1801 et
1303 1757 1568 1802 involvitur.
1625 1757 1680 1802 cf.
1727 1759 1829 1802 369.
1873 1759 1972 1802 375.

1227 1816 1326 1859 402.
1362 1816 1462 1859 431.
1497 1821 1544 1860 et
1586 1816 1643 1860 de
1685 1830 1801 1861 voce
1840 1830 1975 1872 quam

1226 1875 1324 1918 369.
1347 1888 1530 1930 quoque
1550 1876 1732 1919 restitui
1750 1876 1976 1931 Ducange

1226 1934 1281 1976 II.
1315 1947 1362 1988 p.
1399 1934 1496 1976 156.
1522 1959 1576 1966 —-
1610 1934 1846 1978 ossibus
1878 1934 1975 1990 pal-

1226 1993 1359 2035 mulis
1395 1994 1430 2035 1.
1458 1993 1526 2036 52.
1567 2018 1618 2022 ——
1653 1993 1976 2047 palmulum

1227 2051 1491 2106 palmulam,
1523 2051 1739 2106 palmam,
1773 2051 1829 2095 de
1855 2065 1975 2095 men-

1227 2122 1333 2153 sura
1364 2110 1589 2165 palmaria
1610 2123 1645 2153 s.
1670 2110 1879 2164 palmari,
1912 2111 1978 2153 sic

1230 2182 1411 2224 pugnus
1459 2170 1528 2212 87.
1581 2169 1717 2213 lentis
1774 2169 1976 2224 pugillus

1232 2227 1331 2272 Cat.
1390 2228 1488 2279 158,
1550 2229 1586 2271 1.
1647 2253 1700 2259 —
1759 2240 1977 2271 oneras

1232 2299 1345 2330 corr.
1377 2294 1475 2341 {pro
1517 2299 1706 2330 ornas.
1751 2291 1798 2329 et
1841 2299 1977 2341 ope-

1231 2345 1352 2388 ries
1384 2359 1467 2400 pro
1501 2357 1594 2400 ap.
1629 2346 1698 2388 88.
1733 2349 1785 2388 ut
1816 2345 1877 2388 sit
1903 2358 1977 2389 co-

1230 2404 1380 2458 peries
1404 2408 1532 2447 carta
1557 2404 1632 2448 vel
1651 2408 1851 2455 omento,
1871 2404 1979 2459 quia

1231 2475 1332 2506 eam
1373 2467 1554 2517 partem
1596 2463 1800 2518 inprimis
1848 2462 1977 2506 nobi-

1231 2521 1320 2566 lem
1352 2522 1447 2577 igni
1478 2521 1809 2573 defendebant,
1843 2522 1974 2564 Mart.

1317 2639 1378 2682 ad
1440 2637 1541 2682 254.
1611 2638 1977 2682 leocozimus

1229 2710 1323 2742 sex.
1367 2698 1751 2742 leocozumus
1783 2713 1820 2751 γ.
1855 2697 1977 2740 leu-

1230 2769 1507 2800 cozumus
1569 2759 1612 2805 β.
1690 2756 1977 2800 leucozo-

1229 2828 1348 2859 mus
1380 2816 1434 2858 H.
1470 2814 1553 2859 sed
1584 2814 1694 2858 nihil
1729 2815 1772 2859 ei
1802 2815 1888 2858 iuri
1911 2815 1975 2858 in—

1230 2879 1301 2918 est
1351 2874 1478 2930 quod
1525 2874 1772 2918 candidum
1819 2872 1974 2918 faciat.

1230 2933 1449 2990 intellege
1513 2931 1733 2991 ὕδρέλαιον
1786 2934 1855 2978 87.
1923 2958 1974 2965 —
