2098 3470
752 295 853 343 Lib.
871 294 925 341 V.
977 295 1189 354 Ospreos.
1657 293 1761 349 103

290 432 408 487 188.
468 430 713 485 Pultes
753 430 1316 497 tractogalatae:
1381 427 1535 482 lactis
1587 432 1761 482 sexta-

173 506 306 560 rium
348 510 401 559 et
438 522 614 573 aquae
651 504 917 559 modicum
956 504 1132 557 mittes
1171 503 1225 557 in
1253 504 1544 559 caccabum
1565 519 1761 555 novum

176 585 228 634 et
266 581 408 634 lento
447 579 561 648 igni
598 579 819 633 ferveat.
893 583 1000 631 tres
1041 577 1306 631 orbiculos
1345 582 1550 631 tractae
1589 577 1762 631 siccas

175 660 228 709 et
280 653 569 721 confringis
598 658 650 707 et
675 652 912 723 partibus
950 652 1006 704 in
1039 652 1124 705 lac
1153 651 1428 705 submittis.
1472 669 1541 705 ne
1567 655 1760 718 uratur,

174 745 365 796 aquam
417 727 689 782 miscendo
739 727 981 794 agitabis,
1038 742 1157 781 cum
1210 730 1420 780 coctum
1481 725 1655 793 fuerit,
1708 729 1765 779 ut

176 808 271 870 est,
313 818 474 871 super
510 801 711 869 inguen
749 801 925 854 mittis.

291 877 409 929 189.
470 876 628 930 Melle
669 880 721 929 et
759 880 929 929 musto
983 874 1028 928 si
1070 891 1189 929 cum
1228 874 1367 929 lactc
1406 872 1648 927 similiter
1686 872 1762 927 fa-

175 951 302 1018 cies,
345 951 512 1004 salem
554 955 606 1004 et
645 950 819 1004 oleum
859 949 1031 1002 minus
1069 949 1245 1002 mittis,

290 1025 410 1078 190.
454 1024 899 1078 Lenticulam
940 1040 1019 1078 ex
1059 1021 1396 1077 sfondilis
1436 1020 1587 1075 sive
1624 1021 1764 1075 fun-

174 1099 384 1167 gulis:
427 1098 662 1168 accipies
692 1100 984 1153 caccabum
1012 1096 1281 1150 mundum.
1324 1095 1527 1150 adicies
1550 1095 1605 1148 in
1629 1113 1765 1150 mor-

173 1172 360 1226 tarium
413 1173 583 1242 piper,
639 1173 904 1241 ciminum,
955 1189 1137 1226 semen
1190 1170 1472 1237 coriandri,
1533 1175 1762 1238 mentae,

171 1252 339 1315 rutae,
368 1246 550 1317 puleii,
578 1246 815 1314 fricabiS,
844 1246 1118 1301 suffundes
1147 1251 1374 1314 acetum,
1405 1244 1612 1299 adicies
1640 1246 1763 1313 mel,

173 1322 443 1390 liquamen
497 1331 548 1375 et
600 1321 893 1376 defrictum.
949 1326 1102 1376 aceto
1142 1320 1483 1392 temperabis,
1523 1319 1764 1374 reexina-

174 1397 289 1450 nies
327 1396 380 1449 in
423 1397 729 1464 caccabum,
773 1396 1033 1449 sfondilos
1074 1395 1299 1450 elixatos
1338 1399 1480 1448 teres
1510 1398 1563 1448 et
1588 1395 1764 1448 mittes

262 1529 324 1574 ad
346 1528 442 1573 188.
463 1528 924 1585 tractogalatae

173 1601 259 1645 pro
307 1588 658 1645 tractogale
717 1602 774 1633 ex
821 1589 923 1633 251.

174 1647 378 1692 restituit
408 1647 540 1692 Hum.
573 1648 600 1691 i.
621 1661 659 1693 e.
693 1661 748 1692 ex
772 1652 924 1692 tracta

177 1711 225 1752 et
267 1707 389 1752 lacte
422 1706 676 1752 confectae.
720 1707 787 1751 sic
817 1721 923 1763 por-

176 1766 342 1812 cellum
374 1767 747 1812 tractomelinum
778 1766 923 1811 habes

174 1827 273 1870 375.
294 1826 448 1870 malim
472 1831 559 1870 tra
573 1827 731 1871 ctola
745 1831 921 1878 cteae‚

173 1898 231 1930 ne
273 1900 365 1930 vox
407 1886 468 1930 sit
510 1886 706 1930 hibrida.
743 1912 795 1917 —
840 1891 894 1930 te
905 1912 921 1918 -

173 1958 267 1989 res
290 1958 350 1990 so
366 1945 442 1990 rb.
460 1949 591 2000 γκθπ.
613 1945 683 1990 ed.
702 1958 769 2000 pr.
796 1950 921 1990 tres

173 2017 195 2048 s
207 2018 233 2048 ο
248 2005 323 2049 rb.
369 2009 412 2056 β.
457 2018 515 2049 ex
555 2018 640 2048 suo
685 2005 786 2049 cod.
829 2005 920 2048 iam

174 2077 287 2108 corr.
331 2063 462 2108 Hum.
513 2063 693 2120 explica
746 2068 920 2108 tractas

172 2123 469 2175 orbiculatas,
519 2124 564 2167 in
612 2123 771 2168 orbem
814 2136 920 2167 con-

171 2180 409 2227 formatas.
442 2182 742 2238 taigkloesse.
765 2209 817 2214 —
852 2196 881 2225 n
895 2195 919 2227 e

171 2254 280 2285 ura
297 2247 433 2286 tura
466 2242 754 2298 quaedam
786 2242 920 2286 mis-

173 2301 396 2345 cendos
429 2314 512 2358 ag.
547 2301 645 2345 flor.
681 2306 729 2346 et
761 2302 832 2346 ed.
851 2314 918 2356 pr.

170 2373 238 2404 ne
271 2365 476 2405 uratur
498 2373 768 2418 quaeque
793 2361 920 2405 dam

171 2420 513 2464 miscendos
576 2432 670 2476 ag.
734 2433 831 2476 par.
874 2433 947 2463 a·-

171 2479 455 2535 quaedam
481 2495 519 2534 γ.
539 2504 593 2510 -
612 2493 696 2535 pro
728 2480 921 2536 ignem

168 2537 333 2593 scripsi
381 2538 437 2581 in
450 2551 482 2594 g
494 2551 523 2582 u
536 2550 560 2581 e
572 2551 599 2580 n
656 2538 921 2583 testiculum

170 2597 273 2653 capi
318 2597 413 2640 173.
448 2611 532 2652 pro
568 2610 659 2653 quo
705 2598 803 2641 187.
846 2610 921 2642 co-

167 2656 309 2712 padia
340 2656 614 2700 adiciuntur.

256 2715 318 2759 ad
353 2716 450 2759 189.
483 2716 530 2759 in
562 2715 697 2760 codd.
733 2715 919 2759 coniun-

169 2774 294 2830 gitur
326 2787 429 2819 cum
460 2775 768 2820 antecedente
798 2788 918 2819 com-

168 2833 400 2888 positione
443 2839 490 2878 et
531 2834 703 2890 legitur
745 2834 920 2879 melle

171 2904 237 2935 ex
267 2893 513 2938 musteis
557 2907 674 2939 cum
707 2893 744 2936 1.
780 2894 919 2938 etiam

171 2951 344 2997 conieci
375 2952 551 2998 melle
585 2958 639 2999 et
671 2953 920 2997 musteis

1015 1528 1062 1573 si
1096 1541 1218 1573 cum
1241 1527 1280 1575 1.
1309 1527 1543 1572 sententia
1558 1527 1765 1573 videtur:

1014 1588 1054 1632 si
1085 1588 1146 1632 ad
1179 1599 1279 1631 eam
1311 1587 1488 1643 pultem
1525 1601 1610 1643 pro
1642 1599 1766 1644 aqua

1014 1648 1105 1692 mel
1147 1646 1220 1691 vel
1263 1660 1423 1692 sucum
1467 1660 1524 1691 ex
1571 1647 1764 1697 musteis

1014 1706 1295 1754 adhibueris,
1338 1706 1483 1751 salem
1526 1710 1574 1750 et
1611 1706 1764 1751 oleum

1013 1768 1163 1810 minus
1209 1766 1368 1810 mittis.
1418 1764 1472 1810 cf.
1518 1765 1617 1809 294.
1661 1767 1763 1810 305.

1015 1826 1217 1870 edulium
1245 1839 1270 1870 e
1287 1825 1439 1870 farina
1455 1825 1652 1881 silignea
1669 1824 1765 1870 fac-

1013 1890 1111 1929 tum
1143 1890 1191 1930 et
1221 1890 1375 1930 musto
1412 1884 1649 1929 conditum
1682 1898 1763 1930 vo-

1013 1945 1210 1989 cabatur
1255 1943 1537 1997 μουστάκιον,
1591 1949 1764 1989 musta-

1013 2018 1142 2049 ceum
1201 2004 1299 2048 214.
1353 2004 1453 2048 450.
1504 2003 1608 2048 coll.
1661 2004 1761 2048 295.

1010 2063 1184 2108 Athen.
1219 2063 1288 2115 14,
1321 2064 1392 2107 57.
1427 2063 1564 2108 melle
1596 2069 1644 2108 et
1667 2077 1764 2108 mu-

1012 2127 1087 2167 sto
1119 2120 1265 2167 fiebat
1292 2123 1431 2168 etiam
1448 2122 1669 2168 melitites
1687 2136 1762 2179 ap.

1011 2182 1129 2226 Plin.
1166 2182 1234 2233 14,
1266 2182 1337 2226 85.
1373 2182 1477 2226 coll.
1497 2182 1568 2234 22,
1589 2182 1687 2226 115.

1102 2242 1163 2285 ad
1189 2242 1286 2286 190.
1320 2242 1381 2285 ad
1398 2242 1566 2286 lemma
1584 2240 1640 2285 cf.
1662 2243 1760 2286 107.

1012 2301 1143 2346 sive
1176 2299 1434 2345 fondilis
1466 2301 1541 2345 vel
1574 2299 1767 2358 fondi1

1012 2360 1091 2404 lis
1142 2360 1277 2404 codd.
1326 2373 1411 2416 pro
1471 2358 1773 2405 sfondilis*

1011 2420 1144 2464 Hum.
1180 2433 1297 2466 corr.
1321 2419 1686 2475 spongiolis.
1708 2445 1760 2450 —

1011 2477 1239 2523 ferveat
1257 2482 1457 2534 exsspro
1476 2477 1762 2523 ferveant

1011 2538 1170 2594 sicque
1219 2551 1275 2582 ex
1322 2538 1425 2581 aliis
1472 2537 1588 2582 locis
1642 2536 1762 2582 fer-

1011 2597 1218 2641 vuerit
1256 2610 1371 2641 corr.
1414 2610 1499 2652 pro
1533 2596 1759 2641 fervue-

1011 2656 1144 2700 rint.
1193 2682 1244 2685 —
1289 2656 1561 2700 voletari
1598 2657 1645 2699 in
1677 2669 1762 2700 sex

1012 2715 1148 2759 codd.
1191 2715 1463 2759 volutari
1505 2715 1563 2759 ed
1602 2729 1669 2771 pr.
1714 2719 1762 2760 et

1013 2775 1112 2818 191.
1147 2774 1333 2819 codices
1354 2787 1517 2819 vocem
1543 2774 1760 2828 „lenticu-

1010 2834 1129 2877 lam“
1177 2847 1278 2877 cum
1321 2833 1569 2889 postremis
1606 2833 1761 2878 verbis

1010 2894 1222 2949 iungunt,
1260 2896 1312 2936 ut
1342 2906 1540 2948 sequens
1574 2906 1760 2948 compo-

1012 2952 1120 2997 sitio
1148 2952 1339 3010 incipiat
1365 2952 1462 3007 „De
1486 2952 1758 2999 castanei-²3⁶⁶.
