2098 3470
668 311 767 357 Lib.
786 311 914 362 VIII.
944 310 1191 370 Tetrapus.
1649 310 1748 365 181

162 447 209 511 s·
243 447 286 500 Ι.
331 462 504 514 aquae
533 445 759 499 eminam
787 446 828 499 Ι.
858 444 1013 499 simul
1049 450 1318 514 temperas
1356 444 1411 498 in
1445 445 1751 498 caccabu10.

165 520 326 574 mittis
366 521 421 573 in
462 536 525 574 eo
564 519 874 589 porcellum.
917 519 1042 572 dum
1083 519 1270 573 bullire
1310 520 1565 588 coeperit,
1618 535 1755 587 cepa

162 594 244 647 ius
282 594 515 663 agitabis
553 598 611 646 ut
650 594 879 662 spissum
917 593 1025 647 fiat.
1068 594 1114 647 si
1152 592 1355 661 aliquid
1402 593 1575 647 minus
1626 593 1754 646 iuris

162 667 344 722 facere
384 668 640 737 coeperit,
678 673 803 721 tunc
842 667 1046 722 adicies
1087 666 1315 721 eminam
1350 667 1390 720 I.
1435 684 1624 737 aquae.
1677 667 1754 722 sic

162 758 464 811 percoques
507 745 560 795 et
596 741 674 795 sic
713 742 1005 811 porcellum
1043 741 1258 795 inferes.

275 818 398 869 393.
441 815 836 868 Porcellum
875 816 1287 869 lasaratum:
1341 819 1483 868 teres
1525 814 1578 866 in
1617 831 1754 867 mor-v

162 889 295 942 tario
335 889 506 958 piper,
534 888 837 957 ligisticum‚
867 906 1098 956 careum,
1127 889 1320 943 misces
1351 889 1599 942 ciminum
1624 905 1754 958 pau-

161 963 342 1031 lulum,
381 964 527 1017 lasar
564 963 759 1030 vivum,
802 962 1010 1036 [lasaris
1036 962 1313 1036 radicem,]
1344 962 1605 1016 suffundis
1632 980 1753 1017 ace-

162 1042 289 1104 tum,
330 1036 487 1091 addis
525 1038 746 1092 nucleos
785 1037 993 1106 pineOS,
1036 1037 1309 1105 cariotam,
1363 1039 1485 1104 mel,
1527 1042 1754 1104 acetum,

162 1111 448 1180 liquamen,
491 1127 694 1181 senape
732 1111 947 1167 factum.
991 1112 1111 1167 oleo
1154 1112 1332 1166 omnia
1381 1116 1653 1181 temperas
1706 1116 1759 1166 et

162 1185 453 1255 perfundis.

275 1261 399 1314 394.
459 1260 858 1315 Porcellum
913 1260 1399 1314 iuscellatum:
1472 1260 1633 1314 mittis
1702 1259 1757 1312 in

162 1334 469 1387 mortarium
508 1334 680 1404 piper,
708 1334 993 1402 ligisticum
1023 1340 1114 1388 aut
1140 1340 1371 1401 anetum,
1403 1334 1756 1402 coriandrum,

73 1438 77 1440 -
162 1412 351 1477 rutam,
405 1410 595 1463 bacam
646 1409 799 1476 lauri,
852 1408 1088 1477 fricabiS,
1149 1408 1410 1462 suffundis
1471 1410 1757 1477 liquamen,

164 1498 321 1550 porro
362 1483 511 1553 passi
549 1483 663 1536 sive
701 1483 873 1536 mellis
913 1483 1198 1551 modicum,
1247 1483 1429 1536 vinum
1468 1483 1754 1550 modicum,

164 1556 267 1610 olei
308 1557 651 1626 aliquantum.
696 1574 815 1610 cum
856 1557 1082 1625 coxeris,
1125 1558 1301 1611 amolo
1344 1557 1627 1626 obligabis,

275 1631 398 1684 395.
442 1632 781 1700 Leporem
822 1631 1124 1685 acidum:
1166 1632 1221 1685 in
1260 1649 1403 1699 aqua
1441 1632 1756 1701 praecoqui-

161 1708 246 1756 tur
284 1705 512 1773 modice,
553 1704 750 1759 deinde
791 1706 1106 1774 conponitur
1144 1706 1200 1759 in
1225 1707 1413 1775 patina
1442 1706 1757 1773 coquendus

163 1778 284 1833 oleo
327 1779 383 1832 in
419 1779 573 1833 furno
615 1784 667 1834 et
706 1796 822 1832 cum
863 1797 1033 1851 prope
1073 1780 1141 1833 sit
1168 1785 1351 1835 coctus
1380 1797 1448 1834 ex
1476 1781 1581 1833 alio
1618 1781 1755 1848 ole0,

162 1854 465 1922 pertangito
507 1854 577 1909 de
617 1853 897 1908 conditura
933 1853 1074 1908 infra
1113 1855 1342 1924 scripta:
1400 1859 1541 1909 teres
1581 1855 1755 1926 piper,

252 2000 314 2045 ad
345 2001 445 2046 393.
483 2000 639 2057 pullus
670 2001 916 2054 lasaratus‚

160 2060 314 2106 lasere
348 2061 563 2106 conditus
591 2065 663 2105 est
683 2061 782 2106 243.
820 2061 916 2115 „la-

161 2121 278 2164 saris
346 2120 576 2165 radicem“
640 2120 916 2177 interpreta-

159 2183 367 2225 mentum
409 2183 494 2224 est.
537 2178 594 2224 cf.
638 2184 686 2224 et
724 2181 824 2224 368.
860 2205 914 2210 -

159 2251 384 2294 senape
418 2237 589 2283 factu
614 2238 913 2284 cod.cf.385.

248 2298 310 2342 ad
351 2298 454 2343 394.
516 2298 915 2343 iuscellatum

160 2357 342 2414 explica
372 2357 459 2402 tibi
501 2370 559 2402 ex
589 2359 692 2401 392.
734 2358 912 2402 malvas

158 2416 432 2461 iuseellatas
465 2428 522 2461 ex
552 2416 734 2461 medico
766 2416 913 2461 habes

159 2487 233 2530 ap.
266 2475 477 2531 Ducang.
521 2475 567 2519 in
600 2489 700 2520 voc.
744 2476 797 2519 T.
830 2476 909 2519 111.

158 2548 204 2590 p.
237 2534 337 2578 947.
372 2533 535 2578 eadem
559 2547 653 2579 vox
675 2548 760 2590 pro
795 2535 913 2587 „vis-

159 2593 383 2637 cellatus“
430 2594 717 2638 restituenda
759 2593 910 2638 Plinio

158 2652 261 2697 Val.
297 2653 339 2704 2,
374 2652 443 2695 17.
477 2652 519 2703 5,
553 2652 622 2696 24.
657 2656 706 2697 et
732 2652 911 2709 aliquo-

158 2712 247 2756 ties
283 2711 576 2765 „iuseellum“
606 2725 692 2768 pro
722 2712 912 2764 „viscel-

158 2771 298 2814 lum“.
321 2795 373 2801 —-
394 2782 632 2815 anesum
666 2771 767 2815 cod.
794 2783 911 2826 corr.

159 2842 217 2872 ex
258 2829 358 2873 380.
402 2829 502 2873 385.
545 2830 646 2874 388.
682 2855 730 2860 —-
776 2834 913 2874 ruta

160 2888 311 2933 baca
350 2887 510 2933 lauri
559 2887 813 2933 fricavis
858 2915 907 2919 —

160 2946 361 2994 amulo
394 2947 703 3005 obligavis
736 2947 910 2993 cod.—

1008 2002 1245 2047 coxeris
1296 2003 1342 2048 in
1390 2003 1572 2060 aliquot
1618 2003 1757 2049 codd.

1007 2062 1077 2107 63.
1112 2062 1212 2106 278.

1095 2121 1157 2165 ad
1187 2121 1290 2165 395.
1352 2121 1648 2165 madidum
1681 2135 1756 2166 co-

1006 2180 1158 2224 dicum
1191 2194 1283 2225 non
1309 2178 1595 2226 defenderim
1612 2193 1670 2225 ex
1686 2193 1757 2224 ra-

1005 2240 1077 2296 pis
1109 2240 1310 2284 madidis
1332 2240 1430 2284 153.
1466 2245 1514 2284 et
1546 2240 1756 2284 caulibus

1005 2298 1280 2344 madefactis
1328 2298 1427 2343 100.
1492 2297 1758 2344 madefacta

1002 2359 1190 2412 perdice
1222 2359 1324 2401 221.
1356 2358 1545 2402 madido
1579 2358 1757 2403 sumine

1002 2418 1134 2461 Mart.
1181 2418 1253 2469 10,-
1294 2416 1366 2468 48,
1411 2418 1481 2460 12.
1527 2417 1675 2462 cicere
1715 2419 1756 2467 1,

1002 2476 1076 2528 42,
1107 2477 1148 2519 5.
1182 2477 1209 2520 i.
1235 2489 1272 2520 e.
1308 2477 1522 2520 coctione
1554 2476 1756 2521 mollito.

1002 2536 1049 2578 in
1091 2535 1309 2580 lemmate
1351 2536 1427 2579 vel
1464 2535 1604 2580 titulo
1635 2536 1756 2590 pati-

1002 2606 1091 2639 nae
1132 2594 1181 2638 id
1223 2594 1503 2639 adiectivum
1542 2593 1655 2638 nihil
1689 2594 1755 2638 di-

1002 2654 1078 2697 cit.
1112 2665 1140 2696 a
1182 2666 1351 2710 sapore
1382 2653 1570 2698 acidulo
1603 2666 1755 2709 eoque

1000 2711 1201 2757 iucundo
1235 2725 1372 2768 quem
1399 2712 1519 2756 indit
1544 2712 1754 2768 inprimis

1002 2783 1119 2827 cepa
1160 2775 1209 2816 et
1247 2772 1372 2815 lasar
1411 2772 1577 2816 merito
1609 2772 1755 2816 nomi-

1001 2835 1138 2874 natur
1159 2830 1333 2874 acidus.
1360 2830 1579 2875 mendum
1612 2844 1752 2886 pepe-

1002 2889 1063 2932 rit
1109 2903 1153 2932 m
1200 2885 1354 2934 finale.
1398 2915 1452 2919 —
1491 2889 1615 2934 alio
1649 2890 1754 2934 reli-

1004 2961 1096 3004 quo
1128 2948 1174 2992 in
1208 2961 1300 3005 quo
1328 2948 1495 2995 leviter
1522 2949 1753 3008 coqueba-
