2098 3470
346 350 447 406 198
814 352 914 399 Lib.
946 352 1003 399 X.
1067 352 1232 401 Alieus
1264 355 1448 403 libatus.

454 487 579 539 450.
634 487 748 546 Ius
788 487 1322 542 alexandrinum
1372 490 1438 542 in
1489 491 1684 560 pisce
1736 506 1926 544 asso:

343 559 513 630 piper,
579 579 768 632 cepam
820 562 1034 630 siccam,
1086 563 1387 631 ligisticum,
1444 564 1705 630 ciminum,
1757 564 1927 632 origa-

343 651 484 701 num,
525 636 614 703 api
654 653 854 702 semen,
905 654 1076 707 pruna
1116 637 1439 691 damascena
1473 639 1767 703 enucleata,
1819 655 1928 690 mu-

343 714 594 776 staceum,
635 710 920 776 liquamen,
962 710 1259 778 defrictum,
1302 712 1476 764 oleum
1518 717 1570 764 et
1610 729 1822 779 coques,

452 784 578 836 451.
620 783 789 837 Aliter
826 784 906 836 ius
946 785 1354 838 alexandrinum
1392 785 1444 836 in
1474 785 1623 853 pisce
1663 802 1814 839 asso:
1852 785 1927 855 pi-

342 873 454 927 per,
471 856 771 925 ligisticum,
802 858 1137 911 coriandrum
1163 859 1349 925 viride,
1379 875 1537 911 uvam
1565 876 1778 927 passam
1805 876 1927 913 enu-

344 931 587 998 cleatam,
613 931 807 997 vinum,
838 930 1090 1003 [passum]
1118 933 1401 999 liquamen,
1430 933 1603 985 oleum
1635 938 1686 986 et
1714 949 1925 999 coques,

456 1005 581 1057 452.
605 1006 772 1058 Aliter
791 1006 871 1058 ius
893 1006 1298 1059 alexandrinum
1319 1006 1374 1058 in
1393 1007 1543 1076 pisce
1571 1023 1722 1060 asso:
1758 1007 1927 1077 piper,

342 1078 644 1151 ligisticum,
699 1079 1035 1132 coriandrum
1083 1079 1269 1146 viride,
1339 1097 1544 1149 cepam,
1599 1079 1929 1134 damascena

345 1153 639 1219 enucleata,
662 1170 895 1221 passum,
906 1154 1190 1220 liquamen,
1208 1157 1433 1220 acetum,
1451 1154 1624 1206 oleum
1647 1158 1698 1224 et
1713 1171 1926 1222 coques,

455 1227 579 1279 453.
624 1228 736 1280 Ius
775 1229 837 1280 in
876 1244 1144 1295 grongo
1186 1244 1374 1280 asso:
1414 1228 1584 1295 piper,
1625 1227 1927 1296 ligisticum,

345 1300 592 1354 ciminum
630 1300 856 1367 frictum,
900 1302 1193 1369 origanum,
1237 1318 1425 1369 cepam
1454 1301 1667 1367 siccam,
1712 1319 1929 1355 ovorum

343 1374 524 1428 vitella
576 1379 744 1441 cocta,
809 1375 1003 1442 vinum,
1057 1376 1298 1442 mulsum,
1364 1380 1589 1442 acetum,
1643 1375 1928 1444 liquamen,

344 1448 622 1502 defrictum
665 1454 718 1502 et
757 1466 971 1516 coques.

452 1523 577 1576 454.
620 1524 734 1575 Ius
773 1524 840 1576 in
881 1528 1267 1577 cornutam:
1302 1523 1472 1591 piper,
1501 1522 1804 1590 ligisticum,
1832 1523 1930 1576 ori-

344 1613 557 1663 ganum,
613 1614 819 1667 cepam,
861 1614 1019 1650 uvam
1058 1614 1275 1666 passam
1324 1597 1675 1663 enucleatam,
1734 1598 1928 1664 vinum,

248 1666 255 1672 '
342 1671 462 1737 mel,
498 1675 725 1737 acetum,
766 1671 1051 1738 liquamen,
1093 1672 1266 1725 oleum
1307 1675 1359 1724 et
1399 1686 1612 1737 coques.

430 1803 492 1846 ad
507 1803 607 1847 450.
643 1803 940 1848 alexandr.
966 1816 1093 1847 more

343 1863 624 1919 aegyptiaco
639 1861 695 1907 cf.
707 1864 779 1906 69.
796 1876 962 1907 nomen
973 1861 1093 1906 forte

342 1920 487 1965 habet
511 1934 539 1964 a
565 1922 739 1977 prunis.
782 1922 895 1965 Plin.
929 1923 998 1972 13,
1023 1921 1091 1964 65.

343 1980 400 2025 de
423 1994 571 2036 pruno
599 1981 795 2038 agyptio
821 1984 1094 2036 „purgatum

341 2040 543 2084 tundunt
585 2044 863 2095 servantque
897 2040 994 2084 eius
1027 2038 1094 2083 of-

341 2097 457 2150 fas“‚
477 2112 613 2155 quam
632 2111 785 2144 assam
797 2098 998 2150 παλάθην
1014 2112 1095 2142 110-

340 2158 593 2210 minabant,
611 2159 673 2202 ad
689 2158 791 2202 401.
811 2183 864 2188 —·
884 2172 927 2201 m
940 2171 969 2201 u
982 2171 1003 2201 s
1017 2162 1037 2200 t
1048 2170 1095 2200 a-

341 2231 502 2262 ceum
526 2218 706 2262 emend.
724 2230 809 2272 pro
833 2230 951 2261 mus
974 2229 1094 2260 ace-

340 2281 469 2326 tum,
489 2277 750 2332 corruptius
768 2276 953 2320 minus
977 2288 1095 2319 ace-

339 2336 387 2379 ti
418 2335 463 2378 in
496 2348 592 2390 par.
637 2339 685 2380 et
727 2335 924 2379 mittis
962 2347 1094 2379 ace-

341 2398 457 2438 tum
490 2395 536 2438 in
569 2394 639 2439 ed.
673 2408 740 2450 pr.
775 2400 822 2439 et
853 2393 974 2437 hum.
1036 2391 1093 2437 cf.

341 2452 440 2496 214.
475 2453 553 2498 ubi
571 2453 682 2498 item
699 2467 801 2498 cum
824 2453 981 2508 prunis
998 2452 1092 2496 iun-

340 2513 478 2568 gitur.

430 2571 492 2614 ad
524 2570 624 2614 451.
659 2570 748 2614 ius
779 2570 925 2613 alex.
959 2569 1015 2613 in
1047 2583 1092 2624 p.

340 2642 477 2673 asso
519 2629 685 2674 merito
727 2629 937 2673 omisisse
984 2627 1097 2671 mihi

339 2688 527 2733 videtur
559 2688 661 2732 cod.
685 2704 723 2742 γ.
758 2688 867 2743 quia
883 2699 974 2731 uva
991 2699 1096 2742 pas-

340 2759 392 2791 sa
422 2760 508 2802 pro
536 2760 684 2801 pruno
703 2746 997 2797 damasceno,
1015 2759 1096 2789 un-

341 2806 401 2850 de
422 2819 590 2849 nomen
612 2805 815 2861 patinae,
847 2804 1097 2849 adhibetur

342 2877 490 2920 eaque
534 2868 606 2909 est
648 2864 769 2908 unde
801 2876 970 2908 nomen
999 2876 1095 2907 non

338 2923 548 2975 indatur,
567 2922 624 2967 cf.
645 2923 744 2965 117.
768 2923 854 2976 227
874 2921 934 2966 al.
968 2927 1094 2966 enu-

341 2996 366 3028 0
378 2982 395 3026 l
406 2995 430 3026 e
442 2993 470 3024 a
481 2986 501 3026 t
510 2994 538 3025 a
580 2984 729 3035 σταφὶς
758 2979 1094 3037 ἕκγιγαρτισμένη

1186 1803 1346 1847 Galen.
1393 1815 1482 1846 sec.
1524 1802 1610 1847 loc.
1646 1803 1687 1854 9,
1719 1803 1760 1845 8.
1804 1807 1930 1847 ante-

1185 1875 1322 1917 quam
1359 1861 1641 1905 tundebatur
1682 1859 1855 1905 Athen.
1888 1862 1931 1914 4,

1186 1922 1253 1964 69.
1289 1921 1439 1964 nuclei
1471 1920 1790 1965 eximebantur
1814 1920 1929 1963 Plin.

1185 1981 1256 2030 23,
1293 1982 1360 2023 15.
1398 1980 1466 2022 16.
1501 1980 1692 2023 vinacea
1721 1979 1931 2023 detrahe-

1183 2039 1355 2083 bantur
1368 2038 1541 2083 Colum.
1561 2039 1629 2089 12,
1643 2039 1713 2090 59,
1724 2039 1762 2081 5.
1776 2039 1931 2083 Diosc.

1188 2098 1228 2149 1,
1261 2098 1329 2141 24.
1371 2111 1507 2141 uvam
1550 2108 1735 2152 passam
1770 2111 1932 2153 expur-

1186 2170 1298 2213 gare
1330 2156 1469 2201 hodie
1504 2156 1663 2200 dicunt
1692 2157 1871 2200 medici.

1275 2215 1335 2259 ad
1367 2216 1467 2259 453.
1531 2229 1754 2271 grongo
1796 2216 1930 2260 codd.

1187 2288 1405 2329 congro
1439 2274 1509 2318 ed.
1543 2288 1608 2329 pr.
1644 2274 1701 2318 de
1729 2274 1933 2329 liquidae

1184 2334 1548 2377 translocatione
1585 2333 1646 2376 ad
1680 2332 1853 2388 Gargil.
1886 2347 1930 2389 p.

1183 2393 1255 2436 33.
1293 2392 1368 2435 47.
1414 2397 1486 2436 est
1516 2405 1720 2448 gongrus
1758 2392 1934 2447 γόγγρος

1183 2451 1432 2495 Xenocrat.
1479 2451 1525 2493 in
1577 2450 1746 2494 Ideleri
1795 2451 1930 2507 Corp.

1184 2510 1301 2553 med.
1339 2511 1359 2552 1
1396 2523 1440 2564 p.
1476 2510 1573 2553 125.
1607 2508 1779 2553 Athen.
1802 2511 1930 2560 7,31.

1187 2572 1234 2613 et
1249 2568 1321 2611 42.
1342 2582 1527 2624 conger,
1551 2581 1749 2624 congrus
1767 2569 1812 2611 in
1824 2568 1930 2613 Not.

1186 2627 1340 2671 Tiron.
1374 2641 1419 2682 p.
1456 2628 1553 2670 182.
1589 2625 1646 2671 cf.
1681 2626 1932 2671 Va1·.Lect.

1184 2687 1300 2730 Plin.
1349 2686 1423 2737 32,
1467 2686 1564 2729 148.
1618 2685 1749 2730 Italis
1792 2685 1932 2729 hodie

1185 2744 1353 2789 dicitur
1385 2749 1432 2789 et
1462 2757 1643 2801 grongo
1672 2748 1720 2788 et
1737 2757 1932 2800 gongro,

1185 2804 1370 2848 meeral.

1272 2862 1334 2905 ad
1350 2861 1451 2905 454.
1471 2865 1777 2905 carnutam
1796 2860 1930 2905 codd.

1184 2920 1299 2964 Plin.
1333 2922 1374 2971 9,
1393 2921 1464 2964 82.
1502 2920 1707 2973 „attollit
1738 2924 1931 2963 cornuta

1186 2993 1211 3024 e
1254 2980 1370 3023 mari
1423 2979 1792 3036 sesquipedanea
1837 2977 1932 3022 fere
