2098 3470
330 355 434 406 174
865 355 964 398 Lib.
981 354 1102 398 VIII.
1148 354 1390 411 Tetrapus.

327 484 630 538 calidum
668 485 820 538 iure
863 485 1235 559 [frigidum]
1292 488 1504 540 crudo
1547 490 1907 557 apiciano:

324 559 526 611 adicies
582 559 638 611 in
694 560 999 612 mortarium
1058 562 1226 628 piper,
1287 562 1589 629 ligisticum,
1644 563 1911 616 coriandri

325 649 524 699 semen,
552 637 802 700 mentam,
839 639 1025 701 rutam,
1054 634 1284 701 fricabiS,
1315 636 1587 689 suffundes
1626 637 1909 703 liquamen,

326 707 528 759 adicies
581 707 706 773 mel,
761 707 937 759 vinum
993 713 1044 761 et
1092 709 1359 774 liquamen
1401 714 1451 762 et
1485 705 1780 777 ¹porcellum
1822 710 1911 763 eli-

324 797 449 832 xum
488 779 799 849 ferventem,
842 797 1045 835 savano
1087 782 1285 835 mundo
1326 783 1581 836 siccatum
1620 783 1912 855 perfundes

327 859 378 907 et
415 853 629 907 inferes,
1885 894 1889 897 .

438 929 562 982 377.
622 928 1017 981 Porcellum
1075 930 1553 982 vitellianum:
1620 930 1910 998 porcellum

326 1019 482 1055 ornas
523 1001 674 1068 quasi
713 1018 914 1072 aprum,
969 1004 1082 1067 sale
1122 1019 1399 1071 asparges,
1454 1004 1507 1055 in
1547 1003 1700 1056 furno
1744 1021 1910 1057 assas.

326 1076 528 1129 adicies
580 1075 635 1127 in
687 1076 992 1128 mortarium
1045 1077 1217 1146 piper,
1271 1077 1573 1145 ligisticum,
1641 1077 1914 1131 suffundes

324 1150 609 1217 liquamen,
651 1150 775 1203 vino
819 1155 870 1203 et
909 1167 1074 1219 passo
1115 1152 1454 1219 temperabis
1516 1151 1570 1204 in
1624 1153 1915 1204 caccabum

327 1225 431 1278 olei
488 1223 752 1293 pusillum.
814 1223 1035 1278 ferveat.
1107 1230 1158 1279 et
1215 1226 1507 1293 porcellum
1567 1242 1746 1279 assum
1803 1226 1916 1279 iure

326 1315 586 1371 asparges
624 1298 698 1351 ita
737 1302 794 1351 ut
833 1300 928 1352 sub
971 1304 1090 1353 cute
1131 1299 1245 1353 eius
1285 1299 1524 1368 recipiat.

439 1374 561 1426 378.
636 1373 1038 1426 Porcellum
1095 1372 1550 1426 flaccianum:
1623 1373 1917 1441 porcellum

328 1463 488 1501 ornas
526 1447 580 1499 in
619 1446 835 1499 modum
885 1448 1018 1515 apri,
1074 1449 1187 1500 sale
1228 1464 1487 1516 asparges
1530 1452 1581 1501 et
1618 1448 1670 1500 in
1710 1447 1917 1500 furnum

327 1521 521 1575 mittes,
565 1521 689 1573 dum
732 1521 987 1589 coquitur,
1029 1521 1229 1575 adicies
1268 1522 1320 1573 in
1371 1522 1694 1580 mortarium,
1746 1521 1915 1590 piper,

326 1595 630 1663 ligisticum,
674 1612 907 1662 careum,
952 1596 1041 1664 api
1081 1613 1282 1662 semen,
1324 1596 1512 1649 lasaris
1539 1595 1792 1663 radicem,
1835 1612 1916 1648 ru-

327 1675 433 1722 tam
474 1669 712 1737 viridem,
753 1669 988 1737 fricabiS,
1031 1670 1303 1722 suffundes
1353 1670 1636 1738 liquamen,
1691 1669 1812 1722 vino
1869 1674 1919 1722 et

328 1761 490 1812 passo
531 1743 871 1812 temperabis,
913 1743 966 1796 in
1009 1745 1297 1797 caccabum
1339 1744 1442 1796 olei
1482 1744 1764 1796 modicum.
1815 1742 1917 1796 fer-

327 1823 468 1885 veat,
511 1818 685 1871 amolo
733 1818 957 1885 obligas.
1000 1819 1291 1886 porcellum
1333 1823 1539 1871 coctum
1592 1819 1659 1871 ab
1713 1817 1919 1870 ossibus

330 1978 514 2023 videtur
544 1979 661 2022 alius
694 1992 721 2023 a
740 1979 942 2023 lactente
974 1979 1074 2022 387.

327 2039 565 2093 γαλαθηνῷ,
589 2064 641 2070 —
673 2037 950 2094 ,‚frigidum“
975 2052 1077 2082 Cum

329 2097 390 2141 sit
433 2097 558 2152 quod
603 2098 823 2149 „crudum
868 2098 968 2141 ius“
1013 2098 1078 2141 al-

329 2161 478 2199 terum
521 2157 849 2201 removendum
890 2161 989 2200 crat
1022 2170 1078 2200 ex

330 2216 432 2259 237.
481 2216 579 2259 238.
632 2242 685 2245 -—
744 2215 1077 2272 liquamine

330 2286 491 2329 porc.
532 2275 577 2317 in
617 2274 837 2330 plurimis.
872 2275 997 2330 prius
1030 2275 1081 2317 li-

332 2346 527 2389 quamen
585 2339 636 2377 ut
701 2347 842 2389 saepe
900 2334 1083 2378 terendi

330 2393 484 2448 gratia
516 2393 703 2437 additur
737 2394 836 2437 128.
871 2417 923 2423 —
958 2407 1082 2449 por-

333 2452 543 2496 cellum
593 2478 647 2483 —
704 2451 934 2496 inferes
992 2465 1081 2496 om.

333 2511 405 2555 ed.
437 2525 503 2566 pr.
539 2516 587 2555 et
617 2511 803 2556 mediol.
839 2537 890 2541 —
924 2523 1083 2555 sava-

329 2583 398 2614 no
433 2570 569 2614 codd.
603 2571 706 2614 215.

423 2629 484 2672 ad
516 2630 619 2673 377.
655 2629 1017 2673 vitellianus
1055 2641 1083 2672 a

333 2687 526 2732 Vitellio
567 2688 803 2732 luxurioso
827 2689 945 2733 ‚197
981 2688 1081 2731 201.

332 2749 610 2799 nominatus,
644 2761 840 2804 quocum
858 2747 903 2790 in
922 2747 1084 2791 eadem

333 2807 513 2850 luxuria
556 2807 613 2851 de
668 2819 759 2864 qua
807 2806 994 2850 Sueton.
1038 2806 1085 2849 in

334 2865 427 2910 Vit.
475 2868 542 2910 13.
587 2867 737 2911 Tacit.
780 2865 886 2909 hist.
928 2867 969 2916 2,
1012 2865 1081 2908 95.

335 2926 470 2970 amici
509 2925 684 2970 Fronto
727 2926 826 2969 380.
890 2924 1084 2968 Flaccus

335 2985 434 3029 378.
480 2984 687 3031 Celsinus
728 2985 828 3029 382.
882 2989 1084 3028 certasse

1168 1979 1393 2023 videntur.
1427 2004 1479 2008 —-
1514 1980 1689 2035 quasi
1720 1990 1918 2033 aprum

1167 2043 1219 2081 ut
1250 2039 1351 2082 379.
1387 2038 1432 2081 in
1464 2038 1650 2081 modum
1684 2038 1784 2093 apri
1817 2037 1916 2080 378.

1169 2095 1224 2140 cf.
1260 2102 1307 2141 et
1340 2098 1439 2140 305.
1486 2098 1585 2141 306.
1632 2101 1679 2140 et
1719 2096 1780 2139 ad
1826 2109 1920 2139 rem

1167 2157 1267 2200 330.
1293 2182 1341 2185 ·-
1376 2156 1563 2200 salem
1596 2169 1711 2211 asp.
1746 2155 1921 2198 366.—

1170 2216 1223 2258 in
1268 2213 1306 2257 f.
1356 2228 1529 2259 ornas
1577 2215 1645 2259 ed·
1679 2228 1745 2270 pr.
1783 2239 1833 2243 ἥ
1869 2213 1923 2256 in

1172 2274 1419 2318 caccabo
1450 2288 1571 2318 cum
1599 2273 1719 2318 olei
1751 2287 1793 2328 p.
1822 2276 1852 2323 ῥ’
1877 2276 1924 2315 et

1171 2334 1272 2384 379,
1307 2333 1433 2388 quod
1465 2346 1588 2377 cum
1621 2331 1820 2376 fortasse
1851 2334 1923 2374 est

1173 2404 1413 2436 cumano
1447 2392 1521 2436 vel
1548 2391 1766 2436 comini
1800 2389 1925 2446 quod

1173 2451 1326 2495 oleum
1374 2452 1418 2494 in
1462 2451 1645 2507 aliquot
1687 2450 1801 2494 locis
1846 2448 1923 2492 de-

1173 2510 1343 2554 texisse
1387 2509 1497 2553 mihi
1538 2510 1715 2554 videor.
1752 2535 1803 2538 -
1838 2508 1926 2550 ita

1176 2574 1234 2613 et
1265 2574 1334 2624 βγ.
1381 2595 1433 2600 —
1479 2570 1606 2613 eius
1648 2568 1831 2613 videtur
1869 2570 1926 2610 et

1174 2629 1265 2673 ius
1298 2632 1345 2671 et
1377 2628 1511 2672 iure
1542 2629 1569 2671 i.
1605 2641 1646 2683 q.
1680 2628 1800 2670 iuste
1825 2625 1924 2669 185.

1264 2687 1324 2730 ad
1356 2687 1456 2731 378.
1522 2700 1688 2730 nomen
1720 2685 1863 2728 habet
1896 2696 1924 2727 a

1174 2746 1343 2790 Flacco
1361 2745 1629 2790 Hordeonio
1647 2744 1825 2789 Vitellii
1851 2755 1925 2786 ae-

1176 2805 1300 2861 quali
1348 2805 1446 2848 377.
1499 2830 1550 2834 ——
1599 2805 1655 2847 in
1699 2803 1926 2847 modum

1175 2864 1307 2920 apri
1352 2864 1451 2907 377.
1501 2890 1554 2895 —
1598 2862 1926 2919 liquamine

1174 2925 1220 2967 in
1264 2923 1475 2967 omnibus
1519 2928 1708 2978 praeter
1739 2934 1835 2978 par.
1872 2945 1926 2952 ——-

1175 2983 1243 3026 ab
1309 2982 1544 3027 ossibus
1606 2987 1818 3039 tanges
1876 2983 1928 3023 ut
