2098 3470
683 318 783 362 Lib.
815 317 872 360 ΙΙ.
935 316 1195 372 Sarcoptes.
1655 315 1727 368 49

139 457 325 506 tunsae
368 457 418 505 et
455 451 696 516 fricatae,
741 450 914 503 denuo
963 450 1080 516 ipso
1131 447 1350 501 subtrito
1393 448 1467 500 ita
1506 452 1562 499 ut
1602 464 1725 501 con-

75 545 80 551 ·
142 526 348 579 misceri
400 527 582 593 possit,
636 524 810 576 mittas
861 522 1061 591 piperis
1126 538 1294 587 grana
1347 526 1398 573 et
1447 522 1621 575 nuclei
1677 526 1729 575 et

72 597 86 608 “
143 601 373 652 calcabis
412 600 465 650 in
504 599 722 650 matrice
762 599 899 650 bene
938 597 1061 647 lota.
1119 600 1171 647 et
1209 594 1284 647 sic
1326 601 1619 661 coquuntur
1659 612 1725 649 ex

141 690 314 739 aequa
354 673 489 738 ole0,
530 671 834 737 liquamine,
869 669 1123 722 fasciculo
1158 685 1431 736 porrorum
1468 673 1519 722 et
1549 675 1722 723 aneto,

252 746 335 798 55.
380 746 724 797 Botellum
766 745 840 796 sic
880 743 1076 796 facies:
1120 759 1216 794 sex
1257 742 1342 794 ovi
1375 743 1569 794 vitellis
1605 760 1723 796 coc-

139 820 221 885 tis,
262 818 461 871 nucleis
486 818 655 886 pineis
685 817 910 871 concisis
947 833 1153 884 cepam,
1194 832 1408 882 porrum
1437 816 1725 884 concisum,

139 896 237 958 tus,
282 892 498 945 crudum
538 891 748 957 misces,
802 891 956 959 piper
994 891 1263 941 minutum.
1321 893 1372 941 et
1411 888 1487 942 sic
1527 890 1726 944 intesti-

139 983 260 1018 num
297 965 502 1019 farcies,
545 965 744 1017 adicies
770 965 1038 1031 liquamen
1062 967 1112 1016 et
1131 963 1311 1014 vinum
1333 968 1384 1016 et
1405 963 1481 1016 sic
1510 980 1725 1031 coques,

251 1041 336 1093 56.
398 1040 792 1093 Lucanicas
845 1037 1096 1103 similiter,
1150 1041 1207 1088 ut
1259 1053 1422 1104 supra
1474 1038 1726 1106 scriptum

142 1119 220 1167 est
274 1113 651 1186 [lucanicarum
680 1110 978 1183 confectio}
1022 1112 1205 1163 teritur
1243 1110 1414 1179 piper,
1459 1111 1724 1180 ciminum,

140 1245 371 1291 nucleis
414 1243 510 1289 scil.
559 1244 737 1289 adorna
784 1243 880 1288 134.

142 1330 192 1336 —
223 1304 466 1349 matrice
493 1304 642 1348 Lister
664 1318 779 1349 corr.
797 1316 882 1357 pro

141 1365 399 1409 materia.
439 1362 560 1407 forte
612 1370 885 1408 materna

139 1424 234 1467 scil.
268 1423 407 1467 vulva
439 1436 494 1466 ex
511 1422 705 1466 Martial.
728 1424 795 1472 13,
813 1422 882 1464 56.

139 1483 427 1526 mortario
478 1482 522 1525 b.
567 1481 694 1526 loto
751 1482 881 1524 Hum.

139 1566 194 1572 —-
227 1546 283 1586 et
314 1553 466 1596 aqua
498 1541 630 1585 0100
670 1541 803 1585 codd.
839 1546 886 1585 et

138 1613 259 1656 aqua
301 1605 348 1644 et
399 1599 504 1643 oleo
549 1601 569 1648 ζ
607 1601 676 1644 ed.
722 1614 788 1656 pr.
831 1606 883 1644 ut

140 1661 209 1704 87.
245 1660 342 1702 118.
377 1658 475 1701 254.
518 1659 601 1702 sed
639 1659 714 1702 hic
747 1657 880 1715 ὑδρε-

139 1721 237 1773 λαίῳ
265 1719 415 1762 locum
448 1731 539 1761 non
573 1719 688 1762 dem.
733 1732 882 1762 meum

139 1792 205 1822 ex
236 1789 423 1833 aequa
454 1777 528 1821 vel
570 1790 771 1833 aequo,
814 1791 883 1822 re-

137 1838 349 1881 stitutum
396 1837 505 1879 item
554 1837 620 1880 68.
665 1837 766 1880 309.
811 1838 881 1882 63.

140 1897 238 1940 194.
271 1897 370 1940 269.
405 1900 477 1938 est
506 1896 551 1938 in
579 1908 788 1951 aequam,
821 1897 882 1940 ad

138 1968 392 2010 aequam,
456 1954 685 2006 decenter,
746 1956 881 2005 iuste.

138 2021 275 2065 recte,
309 2013 434 2069 quod
465 2015 578 2057 satis
606 2015 666 2057 sit
688 2015 787 2057 374.
821 2014 882 2058 ad

137 2074 305 2117 iustum
339 2073 407 2115 67.
442 2073 561 2117 iuste
595 2079 754 2117 coctus
783 2075 878 2117 133.

138 2145 194 2176 ex
225 2133 322 2175 iure
358 2132 452 2174 133.
498 2133 594 2174 181.
637 2134 736 2176 221.
780 2134 878 2176 252.

140 2192 238 2242 187,
263 2191 414 2234 omnia
443 2204 543 2234 cum
564 2204 713 2247 aequo
738 2191 878 2235 modo

138 2250 352 2300 conteris,
385 2250 605 2305 Pelagon.
640 2251 710 2294 25.
742 2247 818 2294 fin.

226 2309 288 2352 ad
318 2309 388 2352 55.
422 2322 523 2353 sex
556 2322 669 2353 corr.
693 2324 777 2365 pro
803 2323 879 2354 ex.

138 2392 192 2399 —
232 2368 411 2423 aliquot
451 2368 670 2412 librorum
708 2370 879 2425 passim

137 2440 371 2470 recurrens
403 2431 454 2470 ut
475 2427 574 2471 473.
611 2429 879 2479 „vitellum“

137 2499 221 2541 pro
256 2486 362 2536 „ovi
392 2486 629 2530 vitellum“
663 2488 775 2532 artis
809 2502 882 2532 cu-

137 2545 327 2588 linariae
359 2544 482 2588 bona
499 2559 590 2589 vox
609 2546 806 2590 videtur.
828 2572 881 2579 ——

139 2608 232 2647 tus
266 2609 313 2647 et
340 2603 478 2647 thus
497 2604 631 2649 codd.
658 2606 735 2660 (ad
753 2606 880 2662 Virg.

138 2662 191 2705 T.
220 2663 267 2706 V.
300 2676 345 2718 p.
368 2662 469 2706 476.
503 2663 628 2707 Iahn.
663 2665 723 2708 ad
755 2666 881 2709 Pers.

141 2722 180 2772 1,
212 2722 300 2774 43).
336 2721 461 2777 quod
493 2722 637 2767 thuris
669 2724 713 2766 in
747 2738 883 2780 opso-

140 2780 226 2823 niis
275 2780 425 2824 nullus
475 2781 537 2825 sit
578 2795 700 2834 usus,
751 2784 881 2826 Hum-

142 2851 255 2881 corr.
308 2838 397 2883 ius
450 2841 689 2884 crudum.
734 2847 883 2898 neque

141 2909 251 2941 vero
283 2897 363 2940 illa
382 2900 533 2942 resina
551 2900 883 2956 intellegenda,

142 2955 226 2998 sed
256 2955 474 3001 libanotis
513 2958 648 3002 Plinii
679 2960 750 3011 20,
786 2961 884 3011 172,

189 3028 225 3060 C.
251 3030 401 3068 Apicius
427 3033 483 3062 ed.
508 3032 663 3064 Schuch.

972 1256 1049 1288 ros
1066 1243 1289 1287 marinum
1308 1244 1435 1288 cuius
1464 1242 1589 1290 foliis
1608 1245 1727 1290 odor

974 1304 1087 1348 turis
1121 1303 1191 1354 24,
1235 1304 1308 1348 99.
1353 1304 1572 1360 cuiusque
1616 1318 1725 1349 usus

973 1368 1083 1418 post
1120 1375 1288 1407 annum
1329 1362 1571 1408 stomacho
1604 1364 1725 1408 salu-

974 1421 1196 1466 berrimus
1223 1422 1286 1473 19,
1308 1422 1405 1465 187.
1432 1422 1633 1477 pastillis
1653 1424 1724 1475 20,

975 1482 1074 1524 233.
1124 1481 1279 1524 collat.
1324 1482 1453 1525 Mart.
1487 1482 1531 1535 4,
1577 1482 1649 1535 46,
1684 1484 1722 1527 7.

978 1541 1308 1591 „rosmarinum
1350 1542 1508 1585 mittes
1546 1542 1592 1585 in
1624 1543 1723 1599 pul-

975 1605 1072 1644 tes¹‘
1118 1612 1190 1655 ap.
1236 1600 1352 1643 Plin.
1386 1601 1542 1645 Valer.
1576 1602 1618 1652 5,
1652 1603 1721 1646 27.

974 1683 1027 1688 —
1073 1659 1309 1702 crudum
1358 1666 1429 1704 est
1470 1674 1604 1704 cruor
1646 1660 1721 1715 (cf.

975 1719 1092 1771 159),
1104 1717 1365 1774 ἆπὸσφαγμα
1383 1725 1431 1764 et
1446 1718 1719 1775 ὑπόσφαγμα.

974 1777 1132 1822 Galen.
1155 1778 1308 1822 Gloss.
1323 1779 1545 1835 Hippocr.
1564 1793 1607 1835 p.
1620 1780 1722 1830 440,

972 1837 1148 1882 Athen.
1175 1838 1215 1888 7,
1244 1838 1340 1880 124.
1376 1839 1600 1882 botellum
1620 1852 1721 1883 san-

971 1897 1188 1952 guineum
1229 1899 1507 1942 recentiores
1542 1898 1722 1951 Graeci,

972 1962 1024 1999 ut
1077 1956 1326 2000 Erotlanus
1383 1957 1534 2002 Gloss.
1583 1958 1720 2014 Hipp.

970 2029 1015 2070 p.
1049 2016 1148 2058 206.
1183 2014 1404 2068 αῖματείαν
1445 2022 1630 2060 vocant.
1667 2043 1721 2047 —

972 2074 1195 2118 farcies
1228 2088 1312 2130 pro
1346 2073 1540 2119 facies
1574 2090 1630 2120 ex
1649 2076 1722 2121 ed.

970 2147 1038 2189 pr.
1073 2138 1120 2176 et
1151 2134 1220 2177 58.

1060 2193 1121 2235 ad
1153 2193 1224 2236 56.
1274 2193 1723 2237 condimentum

970 2252 1098 2295 nullo
1141 2251 1342 2304 adiecto,
1383 2257 1435 2295 ut
1478 2253 1577 2295 224.
1621 2253 1723 2297 267.

972 2312 1070 2354 272.
1106 2311 1205 2363 275.
1239 2312 1341 2356 345.
1374 2311 1475 2355 350.
1508 2312 1609 2356 351.
1651 2316 1724 2355 est

970 2370 1301 2425 petroselinum
1377 2370 1724 2415 macedonicum

971 2430 1180 2473 Dioscor.
1214 2431 1256 2480 3,
1293 2431 1359 2473 70.
1396 2429 1559 2474 Galen.
1595 2430 1646 2472 T.
1682 2431 1723 2475 6.

972 2502 1015 2543 p.
1051 2489 1151 2531 282.
1195 2488 1346 2532 Kuhn.
1381 2489 1518 2532 Marc.
1551 2489 1725 2545 Empir.

974 2548 1043 2590 26.
1077 2543 1151 2590 fin.
1185 2548 1300 2591 Plin.
1320 2547 1422 2591 Val.
1444 2549 1484 2600 2,
1512 2549 1539 2591 8
1573 2550 1634 2604 (2,
1655 2550 1722 2592 15.

973 2606 1093 2650 male
1111 2607 1332 2663 scriptum
1366 2607 1725 2661 „autonicum“),

974 2665 1196 2721 Pelagon.
1231 2666 1256 2709 6
1289 2680 1332 2721 p.
1367 2667 1437 2710 36.
1483 2665 1649 2722 Veget.
1682 2669 1725 2720 3,

976 2725 1045 2776 68,
1068 2727 1108 2768 2.
1127 2726 1168 2776 5,
1188 2726 1258 2777 67,
1277 2727 1318 2770 2.
1336 2725 1501 2770 Isidor.
1518 2726 1723 2778 17,11,2.

974 2783 1040 2827 St.
1077 2784 1268 2841 Gregor.
1310 2786 1356 2828 in
1387 2784 1556 2828 Ideleri
1589 2785 1725 2842 Corp.

975 2843 1136 2887 medic.
1173 2844 1224 2886 T.
1249 2846 1286 2887 1.
1319 2858 1361 2899 p.
1393 2844 1491 2887 298.
1526 2844 1724 2900 interpp.

976 2902 1038 2946 ad
1072 2902 1281 2958 Geopon.
1320 2904 1389 2955 12,
1426 2904 1465 2954 1,
1487 2904 1526 2945 2.
1562 2903 1727 2960 Spren—

976 2960 1054 3017 gel
1085 2962 1146 3004 ad
1165 2962 1325 3010 Diosc,
1350 2962 1379 3005 1.
1406 2962 1435 3006 l.
1457 2961 1615 3007 bubon
1634 2976 1727 3006 ma-

1465 3049 1493 3092 4
