2098 3470
673 331 773 375 Lib.
789 330 867 375 IV.
917 330 1191 374 Pandectes.
1660 325 1731 378 93

257 467 376 519 175.
432 464 717 518 Minutal
760 463 961 515 dulce
1003 479 1077 514 ex
1119 461 1371 514 citriis:
1434 459 1635 512 adicies
1674 458 1728 509 in

144 543 433 595 caccabum
487 541 677 605 oleum,
732 538 1016 605 liquamen,
1073 540 1289 587 coctura
1328 551 1544 602 porrum
1588 532 1730 602 capi-

141 620 322 680 tatum,
383 613 634 667 concides
694 610 1027 664 coriandrum
1084 608 1395 673 minutatim,
1469 607 1731 675 spatulam

141 689 416 757 porcinam
458 692 662 740 coctam
704 690 755 738 01
791 684 998 737 isiciola
1036 683 1249 736 minuta.
1305 681 1429 733 dum
1472 680 1727 747 coquitur,

142 768 284 816 teres
324 761 493 832 piper,
536 760 798 824 ciminum,
842 757 1177 811 coriandrum
1209 755 1379 809 viride
1414 755 1500 808 vel
1534 771 1734 820 semen,

143 842 311 889 rutam
359 834 599 901 viridem,
652 832 840 885 lasaris
880 831 1132 897 radicem,
1186 829 1461 884 suffundes
1508 832 1735 895 acetum,

145 909 440 974 defrictum,
493 909 573 960 ius
628 906 696 959 de
748 923 843 958 8110
897 905 1013 970 81101,
1068 910 1257 958 acceto
1313 902 1639 973 temperabis
1686 906 1738 955 01

143 983 382 1048 ferveat
421 999 538 1035 cum
589 980 859 1046 fervuerit,
911 978 1113 1032 citrium
1154 982 1438 1049 purgatum
1477 977 1611 1029 intro
1657 975 1736 1029 fo-

143 1074 246 1124 raS,
287 1055 598 1110 tessellatim
640 1054 910 1107 concisum
951 1058 1002 1106 01
1044 1053 1296 1123 elixatum
1349 1052 1405 1104 in
1446 1052 1738 1104 caccabum

144 1132 334 1184 mittes.
376 1134 599 1183 tractam
641 1128 945 1194 confringes
995 1132 1046 1181 01
1095 1143 1162 1180 ex
1204 1144 1269 1180 ea
1316 1123 1541 1193 obligas.
1584 1125 1739 1196 piper

145 1204 390 1276 aspargis
431 1209 483 1258 01
519 1202 732 1256 inferes

262 1279 380 1331 176.
435 1278 730 1330 Minutal
772 1293 851 1330 ex
890 1273 1377 1346 praecoquiis:
1438 1272 1642 1327 adicies
1682 1271 1736 1325 in

147 1354 434 1406 caccabum
487 1352 677 1418 oleum,
729 1351 1014 1418 liquamen,
1079 1350 1274 1416 vinum,
1343 1347 1594 1401 concides
1655 1364 1738 1401 ce-

146 1443 271 1495 pam
324 1426 651 1480 ascaloniam
703 1425 924 1491 aridam,
978 1425 1242 1492 spatulam
1293 1422 1569 1491 porcinam
1621 1438 1740 1475 coc-

146 1506 254 1553 tam
293 1501 602 1554 tessellatim
658 1498 925 1552 concides.
980 1498 1061 1551 his
1104 1498 1345 1551 omnibus
1389 1497 1559 1550 coctis
1600 1500 1742 1550 teres

146 1575 316 1646 piper,
361 1575 622 1641 ciminum,
663 1579 894 1627 mentam
936 1573 1150 1639 siccam,
1193 1576 1423 1638 anetum,
1478 1569 1740 1624 suffundis

148 1649 267 1715 mel,
308 1649 590 1716 liquamen,
633 1664 866 1716 passum,
908 1651 1118 1700 acetum
1150 1645 1382 1712 modice,
1429 1644 1511 1697 ius
1547 1644 1615 1698 de
1644 1661 1738 1698 suo

147 1723 264 1787 sibi,
316 1722 654 1791 temperabis
710 1721 1037 1792 praecoquia
1084 1721 1364 1774 enucleata
1412 1720 1601 1772 mittes.
1662 1718 1738 1772 fa-

149 1797 256 1850 cies
297 1802 352 1849 ut
388 1796 650 1850 inferveat
691 1797 864 1849 donec
899 1799 1309 1864 percoquantur.
1353 1798 1581 1848 tractam
1618 1810 1740 1846 con-

147 1870 348 1938 fringes
390 1876 442 1924 01
481 1888 548 1924 ex
590 1887 655 1924 ea
694 1870 916 1937 obligas.
959 1869 1114 1938 piper
1150 1868 1395 1937 aspargis
1431 1873 1484 1922 et
1520 1867 1739 1922 inferes

149 2029 371 2061 manzana
404 2022 452 2061 et
482 2029 655 2061 mazaa.
679 2043 731 2047 -—
761 2030 894 2061 acoe-

150 2083 199 2122 to
232 2078 300 2120 69.

238 2136 298 2179 ad
333 2136 430 2178 175.
494 2135 666 2179 dulce
710 2139 894 2191 gratum

149 2200 196 2240 01
243 2194 403 2250 palato
447 2200 703 2249 acceptum,
725 2200 894 2238 'suave

150 2259 303 2311 gustu.
326 2280 376 2283 -
400 2254 596 2298 citriis
626 2253 800 2298 citrinis
820 2267 894 2297 cu-

150 2313 406 2358 cumeribus
462 2313 528 2356 75.
592 2339 639 2343 —
700 2312 896 2356 viride

150 2373 256 2416 add.
292 2386 348 2417 ex
383 2373 479 2416 173.
516 2372 612 2415 174.

239 2432 300 2474 ad
335 2431 430 2474 176.
465 2431 895 2487 praecoquesin

151 2503 231 2534 sex
273 2489 409 2534 codd.
457 2491 748 2547 praecoquiis
798 2490 894 2533 184.

152 2550 366 2593 dicuntur
408 2561 463 2592 ea
509 2550 633 2592 mala
680 2549 754 2593 vel
797 2550 898 2604 pira

150 2620 414 2665 praecoqua
460 2609 655 2652 Martiali
706 2609 775 2659 13,
821 2608 894 2651 46.

150 2669 407 2724 praecocia,
465 2680 693 2722 praecoca
743 2666 896 2710 Edict.

115 2727 300 2771 ·Diocl.
344 2728 385 2777 6,
427 2727 496 2770 58.
542 2740 569 2770 a
611 2727 896 2771 nominativo

152 2799 368 2841 praecox,
393 2788 669 2843 praecoquis.
699 2791 745 2829 et
768 2798 899 2841 prae-

153 2858 329 2901 coquus
378 2845 517 2899 (Hild.
567 2846 628 2889 ad
674 2842 900 2900 ApuL‘H

152 2917 196 2960 p.
232 2905 327 2948 606.
366 2905 465 2948 607.
498 2905 580 2948 Ian
608 2905 669 2948 ad
696 2905 896 2948 Macrob.

154 2967 239 3009 sat.
265 2965 307 3016 3,
332 2964 400 3017 19,
434 2965 459 3006 2
490 2964 688 3011 Forcell.
707 2965 752 3008 in
768 2976 898 3022 prae-

987 2030 1086 2060 cox.
1132 2016 1199 2059 810
1230 2014 1459 2060 aulicocia
1491 2020 1538 2060 et
1571 2014 1744 2059 aulico-

987 2088 1079 2132 qua
1112 2088 1184 2131 ap.
1219 2075 1380 2129 Fest.).
1435 2075 1544 2118 inde
1579 2074 1746 2119 Graeci

987 2134 1196 2179 fecerunt
1240 2134 1464 2188 πραικὸκια
1508 2134 1665 2178 Diosc.
1704 2135 1745 2185 1,

989 2195 1086 2237 165.
1125 2193 1286 2238 Galen.
1325 2192 1412 2236 fac.
1449 2193 1574 2236 alim.
1603 2195 1644 2244 2,
1674 2194 1746 2237 26.

988 2253 1039 2296 T.
1057 2254 1095 2296 6.
1122 2266 1164 2308 p.
1182 2253 1285 2297 785.
1310 2252 1538 2309 βρεκόκκια
1556 2256 1603 2296 et
1629 2256 1742 2308 βερί-

986 2329 1115 2352 κοκκα
1132 2311 1341 2356 11ιο1110118
1360 2325 1432 2367 ap.
1453 2312 1605 2356 Ideler
1622 2311 1679 2355 II.
1700 2325 1748 2367 p.

987 2372 1087 2423 262,
1111 2373 1180 2415 29.
1204 2372 1305 2422 267,
1330 2371 1370 2415 5.
1407 2369 1465 2416 cf.
1490 2371 1745 2426 Geoponic.

989 2432 1058 2480 10,
1095 2432 1164 2475 73.
1193 2432 1232 2473 2.
1281 2430 1388 2474 Itali
1419 2430 1663 2475 arbicocco
1700 2435 1749 2474 01

986 2489 1213 2546 precoche
1246 2490 1399 2544 (vilior
1429 2490 1606 2545 species
1638 2489 1748 2533 mali

987 2549 1186 2604 persici),
1219 2549 1418 2593 Romani
1444 2563 1545 2593 cum
1578 2551 1747 2593 articu-

988 2610 1035 2652 lo
1068 2608 1257 2652 arabico
1297 2609 1587 2659 albercocco,
1620 2608 1748 2652 alba-

988 2667 1188 2723 ricoque,
1213 2668 1482 2723 albricoque
1518 2667 1640 2712 Galli
1671 2667 1749 2712 de-

988 2728 1125 2829 1111000
1159 2727 1351 2771 abricot.
1403 2726 1461 2830 (g.
1490 2726 1611 2830 &ilez
1658 2726 1748 2830 leil(<i

1031 2819 1039 2828 .
1075 2800 1188 2830 rom.
1223 2800 1243 2830 8
1279 2801 1311 2830 1.
1381 2820 1454 2830 ..
1525 2799 1549 2829 0
1583 2800 1713 2831 wenc

994 2799 1275 2890 Woerterb}O
1307 2800 1375 2890 dp
1401 2845 1607 2890 deutsch.
1653 2860 1745 2902 spr.

992 2917 1036 2959 p.
1071 2906 1141 2947 22.
1187 2909 1487 2961 opponuntur
1519 2906 1633 2950 seris
1666 2919 1748 2950 8011

991 2964 1224 3014 serotinis.
1250 2990 1303 2996 —-
1336 2965 1540 3009 mittes
1571 2965 1617 3010 in
1641 2979 1748 3014 eun-
