<?xml version="1.0" encoding="UTF-8"?>
<!DOCTYPE html PUBLIC "-//W3C//DTD XHTML 1.0 Transitional//EN"
    "http://www.w3.org/TR/xhtml1/DTD/xhtml1-transitional.dtd">
<html xmlns="http://www.w3.org/1999/xhtml" xml:lang="en" lang="en">
 <head>
  <title>
</title>
<meta http-equiv="Content-Type" content="text/html;charset=utf-8" />
  <meta name='ocr-system' content='tesseract 3.04.00' />
  <meta name='ocr-capabilities' content='ocr_page ocr_carea ocr_par ocr_line ocrx_word'/>
</head>
<body>
  <div class='ocr_page' id='page_1' title='image "apicicaelidereco00apicrich_0019.png"; bbox 0 0 2098 3470; ppageno 0'>
   <div class='ocr_carea' id='block_1_1' title="bbox 830 296 1750 349">
    <p class='ocr_par' dir='ltr' id='par_1_1' title="bbox 830 296 1750 349">
     <span class='ocr_line' id='line_1_1' title="bbox 830 296 1750 349; baseline 0 -6"><span class='ocrx_word' id='word_1_1' title='bbox 830 298 1085 344; x_wconf 87' lang='lat' dir='ltr'>Praefatio.</span> <span class='ocrx_word' id='word_1_2' title='bbox 1684 296 1750 349; x_wconf 83' lang='lat'>13</span> 
     </span>
    </p>
   </div>
   <div class='ocr_carea' id='block_1_2' title="bbox 153 429 1780 3007">
    <p class='ocr_par' dir='ltr' id='par_1_2' title="bbox 153 429 1780 3007">
     <span class='ocr_line' id='line_1_2' title="bbox 153 429 1750 508; baseline -0.006 -16"><span class='ocrx_word' id='word_1_3' title='bbox 153 436 354 508; x_wconf 80' lang='lat' dir='ltr'>pathia‚</span> <span class='ocrx_word' id='word_1_4' title='bbox 397 434 742 503; x_wconf 84' lang='lat' dir='ltr'>gastrologia,</span> <span class='ocrx_word' id='word_1_5' title='bbox 784 431 1145 500; x_wconf 88' lang='lat' dir='ltr'>gastronomia</span> <span class='ocrx_word' id='word_1_6' title='bbox 1197 435 1448 484; x_wconf 89' lang='lat' dir='ltr'>veterum.</span> <span class='ocrx_word' id='word_1_7' title='bbox 1499 429 1637 482; x_wconf 89' lang='lat' dir='ltr'>inter</span> <span class='ocrx_word' id='word_1_8' title='bbox 1675 435 1750 483; x_wconf 88' lang='lat' dir='ltr'>ta-</span> 
     </span>
     <span class='ocr_line' id='line_1_3' title="bbox 154 519 1749 590; baseline -0.006 -9"><span class='ocrx_word' id='word_1_9' title='bbox 154 530 226 582; x_wconf 85' lang='lat' dir='ltr'>lia</span> <span class='ocrx_word' id='word_1_10' title='bbox 266 523 347 579; x_wconf 86' lang='lat' dir='ltr'>Tu</span> <span class='ocrx_word' id='word_1_11' title='bbox 389 543 455 578; x_wconf 83' lang='lat' dir='ltr'>ex</span> <span class='ocrx_word' id='word_1_12' title='bbox 495 541 579 577; x_wconf 88' lang='grc'><strong>1116</strong></span> <span class='ocrx_word' id='word_1_13' title='bbox 621 522 874 590; x_wconf 78' lang='lat' dir='ltr'>quaesisti</span> <span class='ocrx_word' id='word_1_14' title='bbox 915 520 1041 587; x_wconf 88' lang='lat' dir='ltr'>quid</span> <span class='ocrx_word' id='word_1_15' title='bbox 1083 537 1149 573; x_wconf 82' lang='lat' dir='ltr'>ex</span> <span class='ocrx_word' id='word_1_16' title='bbox 1188 520 1377 587; x_wconf 80' lang='lat' dir='ltr'><strong>Apicio</strong></span> <span class='ocrx_word' id='word_1_17' title='bbox 1414 537 1533 573; x_wconf 90' lang='lat' dir='ltr'>eam</span> <span class='ocrx_word' id='word_1_18' title='bbox 1559 519 1614 571; x_wconf 91' lang='lat' dir='ltr'>in</span> <span class='ocrx_word' id='word_1_19' title='bbox 1636 536 1749 573; x_wconf 89' lang='lat' dir='ltr'>rem</span> 
     </span>
     <span class='ocr_line' id='line_1_4' title="bbox 155 608 1751 678; baseline -0.006 -9"><span class='ocrx_word' id='word_1_20' title='bbox 155 618 479 669; x_wconf 90' lang='lat' dir='ltr'>lucraremur</span> <span class='ocrx_word' id='word_1_21' title='bbox 519 612 701 678; x_wconf 87' lang='lat' dir='ltr'>sicque</span> <span class='ocrx_word' id='word_1_22' title='bbox 741 628 825 663; x_wconf 93' lang='lat' dir='ltr'>me</span> <span class='ocrx_word' id='word_1_23' title='bbox 866 610 1100 663; x_wconf 89' lang='lat' dir='ltr'>medium</span> <span class='ocrx_word' id='word_1_24' title='bbox 1140 608 1370 661; x_wconf 86' lang='lat' dir='ltr'>tenuisti.</span> <span class='ocrx_word' id='word_1_25' title='bbox 1411 610 1605 662; x_wconf 80' lang='lat' dir='ltr'>rubore</span> <span class='ocrx_word' id='word_1_26' title='bbox 1634 625 1751 676; x_wconf 92' lang='lat' dir='ltr'>per-</span> 
     </span>
     <span class='ocr_line' id='line_1_5' title="bbox 156 697 1752 769; baseline -0.006 -10"><span class='ocrx_word' id='word_1_27' title='bbox 156 706 303 758; x_wconf 87' lang='lat' dir='ltr'>fusus</span> <span class='ocrx_word' id='word_1_28' title='bbox 345 704 501 757; x_wconf 87' lang='lat' dir='ltr'>balbe</span> <span class='ocrx_word' id='word_1_29' title='bbox 552 700 889 769; x_wconf 80' lang='lat' dir='ltr'>pronuntiavi</span> <span class='ocrx_word' id='word_1_30' title='bbox 928 698 1207 769; x_wconf 87' lang='lat' dir='ltr'>scripsisse</span> <span class='ocrx_word' id='word_1_31' title='bbox 1248 714 1366 751; x_wconf 88' lang='lat' dir='ltr'>eum</span> <span class='ocrx_word' id='word_1_32' title='bbox 1409 697 1477 750; x_wconf 90' lang='lat' dir='ltr'>de</span> <span class='ocrx_word' id='word_1_33' title='bbox 1518 697 1752 766; x_wconf 83' lang='lat' dir='ltr'>opsoniis</span> 
     </span>
     <span class='ocr_line' id='line_1_6' title="bbox 161 786 1752 856; baseline -0.006 -8"><span class='ocrx_word' id='word_1_34' title='bbox 161 801 212 848; x_wconf 90' lang='lat' dir='ltr'>et</span> <span class='ocrx_word' id='word_1_35' title='bbox 252 791 618 856; x_wconf 79' lang='lat' dir='ltr'>condimentiS‚</span> <span class='ocrx_word' id='word_1_36' title='bbox 662 789 758 843; x_wconf 88' lang='lat' dir='ltr'>sed</span> <span class='ocrx_word' id='word_1_37' title='bbox 799 788 973 841; x_wconf 88' lang='lat' dir='ltr'>adhuc</span> <span class='ocrx_word' id='word_1_38' title='bbox 1015 804 1082 840; x_wconf 92' lang='lat' dir='ltr'>ne</span> <span class='ocrx_word' id='word_1_39' title='bbox 1117 803 1276 839; x_wconf 90' lang='lat' dir='ltr'>unum</span> <span class='ocrx_word' id='word_1_40' title='bbox 1305 786 1521 853; x_wconf 90' lang='lat' dir='ltr'>quidem</span> <span class='ocrx_word' id='word_1_41' title='bbox 1548 804 1632 839; x_wconf 90' lang='lat' dir='ltr'>me</span> <span class='ocrx_word' id='word_1_42' title='bbox 1662 803 1752 840; x_wconf 83' lang='lat' dir='ltr'>ex-</span> 
     </span>
     <span class='ocr_line' id='line_1_7' title="bbox 161 874 1754 951; baseline -0.004 -15"><span class='ocrx_word' id='word_1_43' title='bbox 161 883 391 951; x_wconf 88' lang='lat' dir='ltr'>emplum</span> <span class='ocrx_word' id='word_1_44' title='bbox 444 880 644 932; x_wconf 88' lang='lat' dir='ltr'>vidisse</span> <span class='ocrx_word' id='word_1_45' title='bbox 693 883 852 946; x_wconf 88' lang='lat' dir='ltr'>atque</span> <span class='ocrx_word' id='word_1_46' title='bbox 893 877 1034 930; x_wconf 93' lang='lat' dir='ltr'>illico</span> <span class='ocrx_word' id='word_1_47' title='bbox 1075 875 1355 945; x_wconf 87' lang='lat' dir='ltr'>pigneravi</span> <span class='ocrx_word' id='word_1_48' title='bbox 1396 874 1628 928; x_wconf 81' lang='lat' dir='ltr'>edulium</span> <span class='ocrx_word' id='word_1_49' title='bbox 1668 892 1754 944; x_wconf 88' lang='lat' dir='ltr'>sy-</span> 
     </span>
     <span class='ocr_line' id='line_1_8' title="bbox 158 964 1755 1038; baseline -0.004 -13"><span class='ocrx_word' id='word_1_50' title='bbox 158 987 475 1025; x_wconf 89' lang='lat' dir='ltr'>racusanum</span> <span class='ocrx_word' id='word_1_51' title='bbox 516 967 659 1038; x_wconf 87' lang='lat' dir='ltr'>quod</span> <span class='ocrx_word' id='word_1_52' title='bbox 699 967 897 1020; x_wconf 89' lang='lat' dir='ltr'>dudum</span> <span class='ocrx_word' id='word_1_53' title='bbox 923 966 1168 1019; x_wconf 82' lang='lat' dir='ltr'>illexerat</span> <span class='ocrx_word' id='word_1_54' title='bbox 1203 965 1384 1018; x_wconf 90' lang='lat' dir='ltr'>oculos</span> <span class='ocrx_word' id='word_1_55' title='bbox 1413 964 1484 1017; x_wconf 90' lang='lat' dir='ltr'>ad</span> <span class='ocrx_word' id='word_1_56' title='bbox 1510 965 1755 1036; x_wconf 77' lang='lat' dir='ltr'>Apicium</span> 
     </span>
     <span class='ocr_line' id='line_1_9' title="bbox 162 1054 1760 1126; baseline -0.004 -12"><span class='ocrx_word' id='word_1_57' title='bbox 162 1058 527 1115; x_wconf 88' lang='lat' dir='ltr'>coemendum.</span> <span class='ocrx_word' id='word_1_58' title='bbox 584 1056 812 1110; x_wconf 89' lang='lat' dir='ltr'>omnium</span> <span class='ocrx_word' id='word_1_59' title='bbox 867 1054 1283 1121; x_wconf 85' lang='lat' dir='ltr'>antiquariorum</span> <span class='ocrx_word' id='word_1_60' title='bbox 1343 1054 1605 1121; x_wconf 80' lang='lat' dir='ltr'>catalogis</span> <span class='ocrx_word' id='word_1_61' title='bbox 1663 1072 1760 1126; x_wconf 90' lang='lat' dir='ltr'>per</span> 
     </span>
     <span class='ocr_line' id='line_1_10' title="bbox 161 1143 1759 1219; baseline -0.003 -17"><span class='ocrx_word' id='word_1_62' title='bbox 161 1151 341 1219; x_wconf 90' lang='lat' dir='ltr'>plures</span> <span class='ocrx_word' id='word_1_63' title='bbox 380 1164 592 1201; x_wconf 87' lang='lat' dir='ltr'>menses</span> <span class='ocrx_word' id='word_1_64' title='bbox 632 1144 965 1215; x_wconf 86' lang='lat' dir='ltr'>perlustratis</span> <span class='ocrx_word' id='word_1_65' title='bbox 1004 1143 1222 1196; x_wconf 87' lang='lat' dir='ltr'>tandem</span> <span class='ocrx_word' id='word_1_66' title='bbox 1262 1143 1482 1197; x_wconf 89' lang='lat' dir='ltr'>sublatis</span> <span class='ocrx_word' id='word_1_67' title='bbox 1516 1144 1759 1198; x_wconf 88' lang='lat' dir='ltr'>manibus</span> 
     </span>
     <span class='ocr_line' id='line_1_11' title="bbox 166 1232 1758 1310; baseline -0.003 -18"><span class='ocrx_word' id='word_1_68' title='bbox 166 1239 282 1310; x_wconf 82' lang='lat' dir='ltr'>cepi</span> <span class='ocrx_word' id='word_1_69' title='bbox 326 1237 610 1291; x_wconf 85' lang='lat' dir='ltr'>editionem</span> <span class='ocrx_word' id='word_1_70' title='bbox 651 1235 841 1288; x_wconf 89' lang='lat' dir='ltr'>Listeri</span> <span class='ocrx_word' id='word_1_71' title='bbox 891 1232 1183 1287; x_wconf 88' lang='lat' dir='ltr'>secundam</span> <span class='ocrx_word' id='word_1_72' title='bbox 1223 1250 1360 1300; x_wconf 89' lang='lat' dir='ltr'>quae</span> <span class='ocrx_word' id='word_1_73' title='bbox 1399 1232 1598 1302; x_wconf 90' lang='lat' dir='ltr'>prodiit</span> <span class='ocrx_word' id='word_1_74' title='bbox 1635 1234 1758 1287; x_wconf 90' lang='lat' dir='ltr'>Am-</span> 
     </span>
     <span class='ocr_line' id='line_1_12' title="bbox 166 1322 1758 1390; baseline -0.003 -8"><span class='ocrx_word' id='word_1_75' title='bbox 166 1326 445 1382; x_wconf 86' lang='lat' dir='ltr'>stelodami</span> <span class='ocrx_word' id='word_1_76' title='bbox 504 1326 658 1378; x_wconf 81' lang='lat'>1709.</span> <span class='ocrx_word' id='word_1_77' title='bbox 713 1325 767 1377; x_wconf 90' lang='lat' dir='ltr'>in</span> <span class='ocrx_word' id='word_1_78' title='bbox 819 1324 969 1378; x_wconf 91' lang='lat' dir='ltr'>coelo</span> <span class='ocrx_word' id='word_1_79' title='bbox 1022 1322 1113 1389; x_wconf 84' lang='lat' dir='ltr'>fui,</span> <span class='ocrx_word' id='word_1_80' title='bbox 1169 1322 1439 1390; x_wconf 88' lang='lat' dir='ltr'>devoravi,</span> <span class='ocrx_word' id='word_1_81' title='bbox 1495 1324 1758 1378; x_wconf 86' lang='lat' dir='ltr'>somniavi</span> 
     </span>
     <span class='ocr_line' id='line_1_13' title="bbox 168 1411 1758 1484; baseline -0.001 -14"><span class='ocrx_word' id='word_1_82' title='bbox 168 1433 394 1484; x_wconf 90' lang='lat' dir='ltr'>coquum</span> <span class='ocrx_word' id='word_1_83' title='bbox 436 1420 487 1469; x_wconf 90' lang='lat' dir='ltr'>et</span> <span class='ocrx_word' id='word_1_84' title='bbox 526 1414 768 1468; x_wconf 89' lang='lat' dir='ltr'>culinam.</span> <span class='ocrx_word' id='word_1_85' title='bbox 812 1418 867 1466; x_wconf 92' lang='lat' dir='ltr'>at</span> <span class='ocrx_word' id='word_1_86' title='bbox 904 1412 1086 1481; x_wconf 91' lang='lat' dir='ltr'>primis</span> <span class='ocrx_word' id='word_1_87' title='bbox 1127 1411 1315 1466; x_wconf 86' lang='lat' dir='ltr'>diebus</span> <span class='ocrx_word' id='word_1_88' title='bbox 1343 1411 1453 1465; x_wconf 90' lang='lat' dir='ltr'>vidi</span> <span class='ocrx_word' id='word_1_89' title='bbox 1480 1411 1566 1467; x_wconf 90' lang='lat' dir='ltr'>hic</span> <span class='ocrx_word' id='word_1_90' title='bbox 1591 1414 1758 1468; x_wconf 85' lang='lat' dir='ltr'>rarius</span> 
     </span>
     <span class='ocr_line' id='line_1_14' title="bbox 169 1503 1764 1572; baseline 0 -13"><span class='ocrx_word' id='word_1_91' title='bbox 169 1505 400 1561; x_wconf 80' lang='lat' dir='ltr'>conchas</span> <span class='ocrx_word' id='word_1_92' title='bbox 439 1503 700 1572; x_wconf 86' lang='lat' dir='ltr'>legendas</span> <span class='ocrx_word' id='word_1_93' title='bbox 755 1508 807 1557; x_wconf 89' lang='lat' dir='ltr'>et</span> <span class='ocrx_word' id='word_1_94' title='bbox 858 1520 1042 1556; x_wconf 90' lang='lat' dir='ltr'>verum</span> <span class='ocrx_word' id='word_1_95' title='bbox 1086 1519 1205 1557; x_wconf 90' lang='lat' dir='ltr'>esse</span> <span class='ocrx_word' id='word_1_96' title='bbox 1259 1503 1346 1570; x_wconf 90' lang='lat' dir='ltr'>qui</span> <span class='ocrx_word' id='word_1_97' title='bbox 1386 1504 1576 1558; x_wconf 88' lang='lat' dir='ltr'>nucleo</span> <span class='ocrx_word' id='word_1_98' title='bbox 1617 1506 1764 1559; x_wconf 87' lang='lat' dir='ltr'>vesci</span> 
     </span>
     <span class='ocr_line' id='line_1_15' title="bbox 168 1592 1766 1661; baseline 0 -13"><span class='ocrx_word' id='word_1_99' title='bbox 168 1595 297 1649; x_wconf 89' lang='lat' dir='ltr'>velit</span> <span class='ocrx_word' id='word_1_100' title='bbox 349 1595 398 1649; x_wconf 92' lang='lat' dir='ltr'>ei</span> <span class='ocrx_word' id='word_1_101' title='bbox 447 1592 803 1661; x_wconf 84' lang='lat' dir='ltr'>frangendam</span> <span class='ocrx_word' id='word_1_102' title='bbox 851 1609 1042 1646; x_wconf 89' lang='lat' dir='ltr'>nucem</span> <span class='ocrx_word' id='word_1_103' title='bbox 1096 1597 1148 1646; x_wconf 92' lang='lat' dir='ltr'>et</span> <span class='ocrx_word' id='word_1_104' title='bbox 1198 1593 1401 1647; x_wconf 89' lang='lat' dir='ltr'>solatus</span> <span class='ocrx_word' id='word_1_105' title='bbox 1451 1593 1542 1646; x_wconf 95' lang='lat' dir='ltr'>illo</span> <span class='ocrx_word' id='word_1_106' title='bbox 1594 1593 1766 1648; x_wconf 89' lang='lat' dir='ltr'>ardua</span> 
     </span>
     <span class='ocr_line' id='line_1_16' title="bbox 173 1681 1765 1751; baseline -0.001 -13"><span class='ocrx_word' id='word_1_107' title='bbox 173 1700 290 1738; x_wconf 86' lang='lat' dir='ltr'>esse</span> <span class='ocrx_word' id='word_1_108' title='bbox 331 1700 468 1751; x_wconf 89' lang='lat' dir='ltr'>quae</span> <span class='ocrx_word' id='word_1_109' title='bbox 510 1683 733 1751; x_wconf 87' lang='lat' dir='ltr'>egregia</span> <span class='ocrx_word' id='word_1_110' title='bbox 773 1682 931 1741; x_wconf 84' lang='lat' dir='ltr'>etiam</span> <span class='ocrx_word' id='word_1_111' title='bbox 971 1681 1082 1734; x_wconf 86' lang='lat' dir='ltr'>vidi</span> <span class='ocrx_word' id='word_1_112' title='bbox 1135 1699 1220 1735; x_wconf 91' lang='lat' dir='ltr'>me</span> <span class='ocrx_word' id='word_1_113' title='bbox 1260 1700 1366 1735; x_wconf 90' lang='lat' dir='ltr'>non</span> <span class='ocrx_word' id='word_1_114' title='bbox 1394 1683 1523 1737; x_wconf 78' lang='lat' dir='ltr'>sore</span> <span class='ocrx_word' id='word_1_115' title='bbox 1564 1685 1765 1738; x_wconf 88' lang='lat' dir='ltr'>stultio—</span> 
     </span>
     <span class='ocr_line' id='line_1_17' title="bbox 169 1771 1766 1841; baseline 0.002 -16"><span class='ocrx_word' id='word_1_116' title='bbox 169 1790 282 1827; x_wconf 90' lang='lat' dir='ltr'>rem</span> <span class='ocrx_word' id='word_1_117' title='bbox 335 1789 492 1840; x_wconf 88' lang='lat' dir='ltr'>quam</span> <span class='ocrx_word' id='word_1_118' title='bbox 543 1772 865 1839; x_wconf 83' lang='lat' dir='ltr'>Meletidem‚</span> <span class='ocrx_word' id='word_1_119' title='bbox 921 1772 965 1825; x_wconf 90' lang='lat' dir='ltr'>si</span> <span class='ocrx_word' id='word_1_120' title='bbox 1020 1771 1208 1840; x_wconf 90' lang='lat' dir='ltr'>Apicio</span> <span class='ocrx_word' id='word_1_121' title='bbox 1261 1771 1454 1827; x_wconf 88' lang='lat' dir='ltr'>misere</span> <span class='ocrx_word' id='word_1_122' title='bbox 1516 1774 1766 1841; x_wconf 86' lang='lat' dir='ltr'>neglecto</span> 
     </span>
     <span class='ocr_line' id='line_1_18' title="bbox 172 1861 1769 1933; baseline 0.001 -18"><span class='ocrx_word' id='word_1_123' title='bbox 172 1862 368 1915; x_wconf 83' lang='lat' dir='ltr'>auxilio</span> <span class='ocrx_word' id='word_1_124' title='bbox 420 1862 658 1915; x_wconf 89' lang='lat' dir='ltr'>venirem</span> <span class='ocrx_word' id='word_1_125' title='bbox 711 1867 834 1933; x_wconf 88' lang='lat' dir='ltr'>post</span> <span class='ocrx_word' id='word_1_126' title='bbox 882 1866 961 1914; x_wconf 86' lang='lat' dir='ltr'>tot</span> <span class='ocrx_word' id='word_1_127' title='bbox 1011 1864 1242 1914; x_wconf 89' lang='lat' dir='ltr'>virorum</span> <span class='ocrx_word' id='word_1_128' title='bbox 1289 1861 1529 1915; x_wconf 89' lang='lat' dir='ltr'>remedia</span> <span class='ocrx_word' id='word_1_129' title='bbox 1569 1868 1622 1916; x_wconf 89' lang='lat' dir='ltr'>et</span> <span class='ocrx_word' id='word_1_130' title='bbox 1660 1868 1769 1916; x_wconf 91' lang='lat' dir='ltr'>tam</span> 
     </span>
     <span class='ocr_line' id='line_1_19' title="bbox 175 1950 1773 2019; baseline 0 -15"><span class='ocrx_word' id='word_1_131' title='bbox 175 1951 264 2004; x_wconf 91' lang='lat' dir='ltr'>diu</span> <span class='ocrx_word' id='word_1_132' title='bbox 324 1950 590 2004; x_wconf 88' lang='lat' dir='ltr'>oblivione</span> <span class='ocrx_word' id='word_1_133' title='bbox 648 1951 912 2019; x_wconf 88' lang='lat' dir='ltr'>sepultum</span> <span class='ocrx_word' id='word_1_134' title='bbox 972 1951 1372 2018; x_wconf 87' lang='lat' dir='ltr'>resuscitarem,</span> <span class='ocrx_word' id='word_1_135' title='bbox 1434 1952 1773 2006; x_wconf 86' lang='lat' dir='ltr'>resuscitavit</span> 
     </span>
     <span class='ocr_line' id='line_1_20' title="bbox 177 2040 1772 2106; baseline 0.001 -13"><span class='ocrx_word' id='word_1_136' title='bbox 177 2040 315 2093; x_wconf 90' lang='lat' dir='ltr'>enim</span> <span class='ocrx_word' id='word_1_137' title='bbox 354 2056 688 2106; x_wconf 89' lang='lat' dir='ltr'>nequaquam</span> <span class='ocrx_word' id='word_1_138' title='bbox 729 2040 1046 2093; x_wconf 88' lang='lat' dir='ltr'>novissimus</span> <span class='ocrx_word' id='word_1_139' title='bbox 1102 2040 1272 2093; x_wconf 87' lang='lat' dir='ltr'>editor</span> <span class='ocrx_word' id='word_1_140' title='bbox 1309 2041 1583 2094; x_wconf 86' lang='lat' dir='ltr'>Bernhold</span> <span class='ocrx_word' id='word_1_141' title='bbox 1625 2042 1772 2096; x_wconf 88' lang='lat' dir='ltr'>cuius</span> 
     </span>
     <span class='ocr_line' id='line_1_21' title="bbox 175 2129 1775 2197; baseline 0.002 -17"><span class='ocrx_word' id='word_1_142' title='bbox 175 2145 370 2181; x_wconf 88' lang='lat' dir='ltr'>nomen</span> <span class='ocrx_word' id='word_1_143' title='bbox 409 2133 592 2182; x_wconf 90' lang='lat' dir='ltr'>tacere</span> <span class='ocrx_word' id='word_1_144' title='bbox 632 2129 819 2182; x_wconf 90' lang='lat' dir='ltr'>melius</span> <span class='ocrx_word' id='word_1_145' title='bbox 875 2134 970 2183; x_wconf 91' lang='lat' dir='ltr'>est.</span> <span class='ocrx_word' id='word_1_146' title='bbox 1025 2129 1286 2182; x_wconf 92' lang='lat' dir='ltr'>commovi</span> <span class='ocrx_word' id='word_1_147' title='bbox 1326 2130 1486 2197; x_wconf 90' lang='lat' dir='ltr'>igitur</span> <span class='ocrx_word' id='word_1_148' title='bbox 1525 2147 1682 2184; x_wconf 88' lang='lat' dir='ltr'>sacra</span> <span class='ocrx_word' id='word_1_149' title='bbox 1723 2136 1775 2185; x_wconf 90' lang='lat' dir='ltr'>et</span> 
     </span>
     <span class='ocr_line' id='line_1_22' title="bbox 177 2217 1774 2289; baseline 0.003 -19"><span class='ocrx_word' id='word_1_150' title='bbox 177 2217 320 2287; x_wconf 90' lang='lat' dir='ltr'>quod</span> <span class='ocrx_word' id='word_1_151' title='bbox 359 2218 480 2270; x_wconf 93' lang='lat' dir='ltr'>volo</span> <span class='ocrx_word' id='word_1_152' title='bbox 522 2223 763 2271; x_wconf 89' lang='lat' dir='ltr'>sanctum</span> <span class='ocrx_word' id='word_1_153' title='bbox 805 2224 886 2272; x_wconf 92' lang='lat' dir='ltr'>est</span> <span class='ocrx_word' id='word_1_154' title='bbox 929 2225 981 2273; x_wconf 88' lang='lat' dir='ltr'>et</span> <span class='ocrx_word' id='word_1_155' title='bbox 1021 2236 1230 2273; x_wconf 91' lang='lat' dir='ltr'>omnem</span> <span class='ocrx_word' id='word_1_156' title='bbox 1269 2219 1411 2272; x_wconf 91' lang='lat' dir='ltr'>movi</span> <span class='ocrx_word' id='word_1_157' title='bbox 1439 2220 1674 2289; x_wconf 88' lang='lat' dir='ltr'>lapidem</span> <span class='ocrx_word' id='word_1_158' title='bbox 1706 2238 1774 2275; x_wconf 89' lang='grc'>116</span> 
     </span>
     <span class='ocr_line' id='line_1_23' title="bbox 178 2307 1774 2377; baseline 0.001 -16"><span class='ocrx_word' id='word_1_159' title='bbox 178 2307 428 2361; x_wconf 87' lang='lat' dir='ltr'>caderem</span> <span class='ocrx_word' id='word_1_160' title='bbox 449 2307 504 2359; x_wconf 93' lang='lat' dir='ltr'>in</span> <span class='ocrx_word' id='word_1_161' title='bbox 531 2323 704 2373; x_wconf 80' lang='lat' dir='ltr'>curSU‚</span> <span class='ocrx_word' id='word_1_162' title='bbox 737 2307 835 2361; x_wconf 90' lang='lat' dir='ltr'>sed</span> <span class='ocrx_word' id='word_1_163' title='bbox 865 2324 1086 2377; x_wconf 91' lang='lat' dir='ltr'>scopum</span> <span class='ocrx_word' id='word_1_164' title='bbox 1113 2309 1431 2376; x_wconf 83' lang='lat' dir='ltr'>attingerem</span> <span class='ocrx_word' id='word_1_165' title='bbox 1458 2327 1577 2363; x_wconf 90' lang='lat' dir='ltr'>meo</span> <span class='ocrx_word' id='word_1_166' title='bbox 1605 2311 1774 2363; x_wconf 73' lang='lat' dir='ltr'>Maite</span> 
     </span>
     <span class='ocr_line' id='line_1_24' title="bbox 177 2395 1776 2468; baseline 0.002 -19"><span class='ocrx_word' id='word_1_167' title='bbox 177 2412 461 2464; x_wconf 78' lang='lat' dir='ltr'>peragens,</span> <span class='ocrx_word' id='word_1_168' title='bbox 488 2395 579 2448; x_wconf 92' lang='lat' dir='ltr'>diu</span> <span class='ocrx_word' id='word_1_169' title='bbox 600 2413 788 2464; x_wconf 91' lang='lat' dir='ltr'>agrum</span> <span class='ocrx_word' id='word_1_170' title='bbox 818 2398 1051 2452; x_wconf 84' lang='lat' dir='ltr'>sterilem</span> <span class='ocrx_word' id='word_1_171' title='bbox 1081 2399 1219 2452; x_wconf 88' lang='lat' dir='ltr'>colui</span> <span class='ocrx_word' id='word_1_172' title='bbox 1240 2405 1293 2453; x_wconf 88' lang='lat' dir='ltr'>et</span> <span class='ocrx_word' id='word_1_173' title='bbox 1318 2399 1555 2468; x_wconf 88' lang='lat' dir='ltr'>lapidem</span> <span class='ocrx_word' id='word_1_174' title='bbox 1582 2400 1776 2454; x_wconf 83' lang='lat' dir='ltr'>elixavi</span> 
     </span>
     <span class='ocr_line' id='line_1_25' title="bbox 181 2485 1777 2558; baseline 0.003 -19"><span class='ocrx_word' id='word_1_175' title='bbox 181 2491 232 2539; x_wconf 89' lang='lat' dir='ltr'>et</span> <span class='ocrx_word' id='word_1_176' title='bbox 269 2485 442 2539; x_wconf 86' lang='lat' dir='ltr'>undas</span> <span class='ocrx_word' id='word_1_177' title='bbox 494 2487 783 2539; x_wconf 91' lang='lat' dir='ltr'>numeravi.</span> <span class='ocrx_word' id='word_1_178' title='bbox 830 2488 1003 2555; x_wconf 84' lang='lat' dir='ltr'>magis</span> <span class='ocrx_word' id='word_1_179' title='bbox 1053 2489 1305 2542; x_wconf 90' lang='lat' dir='ltr'>secundis</span> <span class='ocrx_word' id='word_1_180' title='bbox 1344 2490 1477 2542; x_wconf 90' lang='lat' dir='ltr'>velis</span> <span class='ocrx_word' id='word_1_181' title='bbox 1517 2489 1777 2558; x_wconf 88' lang='lat' dir='ltr'>navigare</span> 
     </span>
     <span class='ocr_line' id='line_1_26' title="bbox 179 2578 1776 2643; baseline 0.004 -16"><span class='ocrx_word' id='word_1_182' title='bbox 179 2580 422 2643; x_wconf 87' lang='lat' dir='ltr'>poteram</span> <span class='ocrx_word' id='word_1_183' title='bbox 465 2593 532 2629; x_wconf 81' lang='lat' dir='ltr'>ex</span> <span class='ocrx_word' id='word_1_184' title='bbox 573 2592 676 2642; x_wconf 93' lang='lat' dir='ltr'>quo</span> <span class='ocrx_word' id='word_1_185' title='bbox 716 2586 903 2630; x_wconf 88' lang='lat' dir='ltr'>nactus</span> <span class='ocrx_word' id='word_1_186' title='bbox 945 2595 1059 2630; x_wconf 93' lang='lat' dir='ltr'>sum</span> <span class='ocrx_word' id='word_1_187' title='bbox 1100 2578 1388 2632; x_wconf 90' lang='lat' dir='ltr'>editionem</span> <span class='ocrx_word' id='word_1_188' title='bbox 1416 2580 1647 2632; x_wconf 88' lang='lat' dir='ltr'>omnium</span> <span class='ocrx_word' id='word_1_189' title='bbox 1686 2598 1776 2634; x_wconf 89' lang='lat' dir='ltr'>an-</span> 
     </span>
     <span class='ocr_line' id='line_1_27' title="bbox 179 2664 1778 2736; baseline 0.004 -21"><span class='ocrx_word' id='word_1_190' title='bbox 179 2664 528 2730; x_wconf 90' lang='lat' dir='ltr'>tiquissimam</span> <span class='ocrx_word' id='word_1_191' title='bbox 581 2665 896 2734; x_wconf 90' lang='lat' dir='ltr'>impressam</span> <span class='ocrx_word' id='word_1_192' title='bbox 947 2666 1186 2720; x_wconf 88' lang='lat' dir='ltr'>Venetiis</span> <span class='ocrx_word' id='word_1_193' title='bbox 1238 2685 1336 2736; x_wconf 91' lang='lat' dir='ltr'>per</span> <span class='ocrx_word' id='word_1_194' title='bbox 1392 2669 1778 2722; x_wconf 88' lang='lat' dir='ltr'>Bernardinum</span> 
     </span>
     <span class='ocr_line' id='line_1_28' title="bbox 183 2753 1777 2823; baseline 0.004 -17"><span class='ocrx_word' id='word_1_195' title='bbox 183 2753 447 2807; x_wconf 87' lang='lat' dir='ltr'>Venetum</span> <span class='ocrx_word' id='word_1_196' title='bbox 487 2754 602 2807; x_wconf 88' lang='lat' dir='ltr'>sine</span> <span class='ocrx_word' id='word_1_197' title='bbox 637 2771 796 2823; x_wconf 80' lang='lat' dir='ltr'>ann0,</span> <span class='ocrx_word' id='word_1_198' title='bbox 839 2760 920 2809; x_wconf 89' lang='lat' dir='ltr'>est</span> <span class='ocrx_word' id='word_1_199' title='bbox 959 2756 1096 2809; x_wconf 88' lang='lat' dir='ltr'>enim</span> <span class='ocrx_word' id='word_1_200' title='bbox 1130 2756 1331 2811; x_wconf 89' lang='lat' dir='ltr'>vicaria</span> <span class='ocrx_word' id='word_1_201' title='bbox 1362 2758 1562 2812; x_wconf 88' lang='lat' dir='ltr'>codicis</span> <span class='ocrx_word' id='word_1_202' title='bbox 1595 2759 1777 2812; x_wconf 89' lang='lat' dir='ltr'>nescio</span> 
     </span>
     <span class='ocr_line' id='line_1_29' title="bbox 184 2844 1778 2913; baseline 0.003 -18"><span class='ocrx_word' id='word_1_203' title='bbox 184 2844 332 2897; x_wconf 90' lang='lat' dir='ltr'>cuius</span> <span class='ocrx_word' id='word_1_204' title='bbox 373 2861 692 2913; x_wconf 88' lang='lat' dir='ltr'>quamquam</span> <span class='ocrx_word' id='word_1_205' title='bbox 732 2849 839 2899; x_wconf 75' lang='lat' dir='ltr'>no&#39;n</span> <span class='ocrx_word' id='word_1_206' title='bbox 879 2845 1166 2898; x_wconf 89' lang='lat' dir='ltr'>admodum</span> <span class='ocrx_word' id='word_1_207' title='bbox 1208 2846 1348 2900; x_wconf 90' lang='lat' dir='ltr'>boni.</span> <span class='ocrx_word' id='word_1_208' title='bbox 1408 2863 1474 2900; x_wconf 86' lang='lat' dir='ltr'>ex</span> <span class='ocrx_word' id='word_1_209' title='bbox 1527 2865 1592 2901; x_wconf 90' lang='lat' dir='ltr'>ea</span> <span class='ocrx_word' id='word_1_210' title='bbox 1629 2865 1778 2902; x_wconf 87' lang='lat' dir='ltr'>recu-</span> 
     </span>
     <span class='ocr_line' id='line_1_30' title="bbox 184 2935 1780 3007; baseline 0.004 -23"><span class='ocrx_word' id='word_1_211' title='bbox 184 2949 299 2985; x_wconf 87' lang='lat' dir='ltr'>sam</span> <span class='ocrx_word' id='word_1_212' title='bbox 351 2950 471 2987; x_wconf 87' lang='lat' dir='ltr'>esse</span> <span class='ocrx_word' id='word_1_213' title='bbox 524 2952 662 3001; x_wconf 88' lang='lat' dir='ltr'>quae</span> <span class='ocrx_word' id='word_1_214' title='bbox 714 2936 912 3003; x_wconf 88' lang='lat' dir='ltr'>prodiit</span> <span class='ocrx_word' id='word_1_215' title='bbox 962 2935 1254 2989; x_wconf 90' lang='lat' dir='ltr'>Mediolani</span> <span class='ocrx_word' id='word_1_216' title='bbox 1319 2953 1417 3007; x_wconf 88' lang='lat' dir='ltr'>per</span> <span class='ocrx_word' id='word_1_217' title='bbox 1468 2937 1780 3005; x_wconf 89' lang='lat' dir='ltr'>magistrum</span> 
     </span>
    </p>
   </div>
  </div>
 </body>
</html>
