2098 3470
670 312 769 357 Lib.
801 312 838 357 Ι.
898 311 1144 368 Epimeles.
1634 312 1705 365 29

220 447 270 498 4.
331 447 655 499 Rosatum
710 446 786 499 sic
838 444 1033 498 facies:
1099 444 1227 497 folia
1283 461 1522 497 rosarum
1580 444 1701 497 albo

110 521 316 573 sublato
355 520 462 572 lino
502 521 690 573 inseris
737 551 797 557 —
846 523 900 570 ut
939 518 1120 570 sutiles
1159 517 1331 570 facias
1371 550 1443 556 ——-
1486 523 1538 570 et
1576 518 1702 570 vino

110 611 268 659 quam
307 594 559 661 plurimas
599 593 849 658 infundiS‚
905 597 960 643 ut
1010 597 1217 659 septem
1259 591 1446 644 diebus
1487 592 1542 643 in
1580 591 1703 644 vino

109 668 226 719 sint.
268 672 390 734 post
433 672 639 734 septem
681 667 795 719 dies
835 673 1012 718 rosam
1053 665 1120 718 de
1154 665 1276 717 vino
1310 665 1450 718 tollis
1488 670 1539 718 et
1572 666 1705 718 alias

108 740 306 793 sutules
345 746 588 793 recentes
629 740 866 792 similiter
905 738 1080 805 mittis,
1123 743 1178 790 ut
1217 756 1313 809 per
1340 738 1469 792 dies.
1500 743 1705 807 septem

108 815 161 866 in
193 815 316 866 vino
350 814 687 881 requiescant
722 818 773 867 et
804 830 980 865 rosam
1017 812 1203 865 eximis
1234 812 1486 866 similiter.
1531 830 1564 865 a
1601 817 1704 865 ter-

107 887 180 940 tio
222 887 389 940 facias
431 893 482 941 et
520 904 695 940 rosam
738 888 923 940 eximis
978 891 1031 939 et
1081 887 1261 939 vinum
1302 887 1449 939 colas
1491 891 1543 939 et
1582 903 1704 940 cum

109 961 179 1014 ad
218 961 509 1015 bibendum
546 962 695 1014 voles
735 961 826 1028 uti,
875 959 1057 1023 addito
1106 961 1264 1014 melle
1304 965 1539 1013 rosatum
1580 978 1702 1014 con-

107 1035 254 1089 ficies
325 1052 455 1088 sane
510 1035 771 1088 custodito
826 1040 882 1086 ut
928 1051 1105 1087 rosam
1157 1053 1190 1087 a
1243 1051 1362 1088 rore
1415 1035 1612 1087 siccam
1655 1039 1707 1087 et

110 1110 363 1178 optimam
402 1109 597 1165 mittas,
676 1108 929 1162 Similiter
967 1114 1024 1161 ut
1064 1125 1226 1177 supra
1266 1108 1335 1162 de
1375 1109 1519 1161 viola
1558 1108 1704 1161 vio-

107 1183 322 1236 latum
360 1183 528 1237 facies
570 1188 621 1237 et
662 1183 852 1237 eodem
892 1181 1051 1236 modo
1093 1183 1251 1236 melle
1291 1182 1631 1251 temperabis.

220 1258 551 1310 Rosatum
586 1257 735 1311 sine
770 1273 929 1310 rosa
961 1257 1037 1310 sic
1069 1256 1268 1310 facies:
1310 1256 1441 1310 folia
1480 1257 1595 1310 citri
1628 1257 1702 1309 vi-

109 1331 246 1384 ridia
293 1331 347 1384 in
400 1333 654 1402 sportella
704 1332 919 1402 palmea
966 1332 1020 1383 in
1075 1331 1274 1383 dolium
1322 1332 1478 1384 musti
1527 1331 1702 1384 mittes

109 1410 396 1472 antequam
435 1406 641 1459 ferveat
693 1411 745 1459 et
794 1410 916 1473 post
956 1405 1312 1474 quadraginta
1352 1405 1467 1459 dies
1510 1405 1699 1459 exime.

110 1495 228 1532 cum
266 1496 494 1533 necesse.
527 1479 699 1545 fuerit,
742 1480 847 1533 mel
887 1479 1057 1532 addes
1100 1484 1151 1532 et
1189 1496 1285 1548 pro
1327 1485 1505 1533 rosato
1537 1483 1702 1534 utere.

220 1553 268 1606 5.
332 1553 565 1608 Oleum
615 1553 1039 1607 liburnicum
1092 1554 1167 1607 sic
1220 1553 1417 1607 facies:
1471 1554 1525 1606 in
1585 1554 1703 1607 oleo
1776 1559 1794 1579 ⁹

109 1643 278 1695 spano
317 1628 492 1681 mittes
534 1628 761 1681 elenium
802 1633 853 1681 et
893 1629 1129 1696 ciperum
1174 1633 1225 1680 et
1264 1627 1394 1680 folia
1434 1628 1567 1681 lauri
1598 1644 1706 1680 non

109 1706 333 1768 vetusta,
374 1706 530 1755 tunsa
557 1702 732 1754 omnia
761 1702 1111 1755 excribellata
1142 1702 1212 1754 ad
1237 1702 1562 1755 levissimum
1590 1702 1704 1770 pul-

108 1791 288 1829 verem
325 1776 546 1830 redacta
586 1781 638 1829 et
677 1777 818 1830 sales
858 1775 1041 1830 frictos
1074 1776 1227 1829 tritos
1265 1781 1316 1830 et
1347 1794 1444 1847 per
1477 1776 1706 1829 triduum

112 1953 150 1995 1.
179 1951 477 2003 „thebaicae“
502 1957 549 1997 et
573 1953 858 2006 „thebaicis‘⁴
951 1953 1089 1997 vino
1138 1953 1348 1997 latium
1397 1968 1441 1996 π.
1493 1951 1671 1998 devio
1690 1976 1706 1986 ·

110 2024 212 2054 cum
241 2012 448 2062 „dablis“
482 2012 557 2056 vel
581 2013 787 2064 „badiis“
803 2025 859 2056 ex
950 2013 1138 2056 latum
1172 2013 1202 2061 ζ.
1253 2013 1321 2057 de
1363 2012 1531 2057 viola
1573 2013 1705 2057 vio-

110 2070 273 2114 Isidor.
297 2072 365 2122 12,
402 2072 440 2122 1,
472 2071 541 2114 49.
585 2072 665 2115 alii
691 2072 858 2115 aliain-
949 2072 1160 2115 latium
1193 2072 1328 2116 Hum.
1361 2072 1428 2116 sic
1457 2071 1641 2115 Pallad.
1660 2073 1703 2124 3,

110 2129 299 2173 veniant
332 2143 389 2174 ex
419 2130 575 2174 D10sc.
595 2132 637 2182 5,
655 2131 727 2175 49.
762 2131 858 2176 Ori·
948 2132 1021 2175 32.
1040 2131 1281 2182 violatum,
1309 2131 1590 2183 violaceum,
1608 2131 1706 2175 vio·

109 2188 207 2232 bas.
226 2189 266 2239 5,
292 2190 359 2232 25.
380 2190 448 2232 32.
497 2189 703 2245 Geopon.
724 2191 765 2242 8,
785 2191 854 2233 21.
947 2190 1122 2234 latium.
1167 2190 1385 2234 coniicias
1419 2190 1486 2234 de
1536 2191 1705 2235 viola

108 2247 226 2291 Plin.
263 2247 332 2300 14,
364 2249 460 2292 109.
494 2249 675 2293 Pallad.
698 2249 854 2301 11,14,
946 2250 1197 2293 laticem
1244 2255 1296 2293 ut
1349 2249 1553 2294 absinthi
1600 2249 1705 2293 lati-

111 2307 179 2349 17.
215 2307 285 2351 18.
320 2333 373 2338 ——
418 2321 475 2352 ex
507 2308 527 2355 ζ
556 2310 741 2352 restitui
772 2322 857 2364 pro
952 2322 1050 2352 cem
1083 2309 1200 2351 dixit
1232 2310 1413 2353 Lucret.
1446 2309 1488 2361 4,
1525 2310 1593 2353 16.
1639 2309 1705 2353 ni-

111 2366 416 2418 eiusmodi,
474 2367 601 2423 quod
657 2366 857 2412 fortasse
950 2381 1085 2412 veum
1115 2368 1333 2412 Prudent.
1356 2368 1550 2413 cathem.
1571 2369 1613 2420 3,
1632 2369 1703 2412 67.

111 2429 183 2469 est
216 2425 376 2476 „lene“
408 2430 445 2478 ξ.
473 2428 512 2469 1.
950 2427 1150 2471 lacteum
1191 2426 1380 2483 Apulei.
1414 2432 1520 2472 met.
1558 2429 1598 2479 1,
1634 2429 1700 2471 19.

199 2484 319 2527 ad4.
367 2485 636 2536 subtilis,
668 2485 859 2529 subti-
1042 2486 1160 2530 ad5.
1195 2487 1704 2542 spanoinsexoodd.

109 2542 453 2595 les,sutilis,
483 2545 860 2589 sutulesutro-
950 2559 1035 2601 pro
1068 2545 1329 2600 hispano
1363 2546 1461 2589 254.
1497 2572 1550 2577 -—
1585 2546 1704 2590 ele-

111 2615 199 2658 que
217 2602 321 2647 loco
348 2603 393 2646 in
413 2603 548 2647 codd.
570 2604 733 2648 eadem
754 2617 860 2647 con·
951 2606 1119 2656 nium,
1153 2605 1225 2649 ell.
1246 2610 1293 2650 et
1314 2607 1379 2648 16.
1402 2605 1704 2658 inlunium,

110 2660 231 2705 fusio
264 2662 383 2706 Cels.
429 2663 470 2713 8,
507 2664 575 2707 11.
620 2664 666 2707 in
704 2663 858 2718 Priap.
951 2665 997 2708 in
1032 2664 1104 2709 ed.
1142 2677 1209 2719 pr.
1253 2665 1555 2709 helenium
1596 2665 1705 2709 scri-

111 2721 182 2772 19,
215 2721 258 2765 3.
291 2721 434 2777 Apul.
461 2727 567 2766 met.
588 2724 627 2774 1,
654 2723 770 2784 516,
793 2724 860 2766 18.
952 2725 1092 2775 bitur,
1126 2721 1296 2767 ὲλένιον.
1318 2750 1371 2757 -—
1407 2737 1703 2781 cyperum,

111 2803 165 2809 —
198 2784 257 2823 ut
286 2781 428 2825 vino
463 2781 598 2825 codd.
625 2807 679 2814 —-
706 2794 734 2824 a
755 2785 862 2826 ter·
954 2784 1186 2840 cipery,
1235 2784 1426 2839 ciperi
1472 2783 1701 2828 scribitur.

111 2836 201 2881 tio
226 2836 423 2884 facias
450 2844 507 2884 et
532 2854 727 2885 rosam
755 2842 864 2885 exi·
955 2867 1006 2872 —
1043 2844 1337 2898 promisce
1380 2843 1514 2887 codd.
1549 2856 1701 2887 meum

112 2896 219 2940 mis
241 2910 297 2941 ex
323 2902 388 2950 βπ
408 2912 510 2943 eum
528 2900 663 2944 Hum.
689 2900 866 2944 addidi.
957 2906 1154 2957 ‚‚p0rr0“
1188 2901 1404 2947 hortatur
1435 2908 1483 2946 et
1514 2903 1575 2947 ad
1598 2903 1702 2947 mis—

113 2978 167 2987 --
189 2955 588 3002 deviolacium
608 2957 763 3016 βγδθκ.
798 2960 867 3004 de
958 2961 1152 3006 cendum
1184 2966 1320 3021 urget
1352 2963 1496 3019 quasi.
