2098 3470
659 308 757 352 Lib.
784 307 861 351 IV.

925 306 1197 351 Pandeotes.
1647 302 1718 356 95

128 446 234 499 lem
282 444 435 497 simul
483 443 658 495 tritum
709 447 761 495 et
810 440 978 494 facies
1039 445 1094 491 ut
1143 439 1365 493 ferveat.
1423 454 1540 490 cum
1580 438 1718 490 bene

130 518 395 584 fervuerit‚
436 518 590 570 tolles
629 516 956 569 fasciculum.
997 519 1047 566 ct
1080 512 1368 565 transferes
1408 512 1463 563 in
1497 512 1719 564 alterum

132 594 420 646 caccabum
472 592 698 643 tisanam
749 590 825 643 sic
872 606 939 641 ne
993 587 1212 654 fungum
1264 591 1452 652 tangat
1502 589 1721 653 propter

133 668 523 719 conbusturam.
581 665 682 716 lias
745 668 796 717 et
855 663 1088 715 collocas
1150 661 1204 712 in
1266 661 1501 712 caccabo
1561 675 1722 728 super

132 757 382 793 acronem
441 738 698 792 colefium.
760 742 899 791 teres
958 736 1128 805 piper,
1195 734 1498 801 ligisticum,
1558 732 1723 801 puleii

135 872 268 917 codd.
330 871 623 916 coledium
677 870 748 914 ed.
808 882 874 925 pr.

136 931 425 976 colevium
477 930 611 974 codd.
668 930 767 973 208.
832 929 878 971 in

134 1004 224 1035 uno
257 1003 353 1046 par.
376 990 652 1044 puleium,
683 1002 768 1044 pro
789 1000 879 1043 qua

134 1049 283 1095 forma
315 1054 386 1093 est
417 1049 675 1104 poleium
704 1047 879 1102 111).Ιεί-

136 1109 232 1154 (lor.
270 1109 338 1160 17,
356 1109 397 1160 9,
415 1109 485 1152 59.
519 1107 640 1152 unde
667 1107 805 1163 polei.
827 1131 879 1142 -ι

138 1168 506 1212 colocasium
569 1167 702 1211 Hum.
753 1166 881 1210 cuius

136 1226 318 1271 rotulae
351 1226 413 1270 ad
443 1227 513 1270 ius
531 1226 764 1270 adduntur
782 1226 882 1269 218.

138 1282 339 1330 colifium
372 1286 605 1341 explicant
627 1286 760 1341 panis
777 1297 884 1341 azy-

139 1346 200 1389 mi
233 1350 447 1389 crustam.
480 1345 603 1388 idem
636 1344 710 1389 vel
738 1344 885 1389 simile

139 1418 305 1449 nomen
347 1418 454 1449 mox
492 1404 614 1448 redit
645 1405 712 1448 sic
744 1404 886 1459 scrip-

140 1468 259 1508 tum:
336 1462 567 1514 colefrim,
632 1462 886 1507 colefrium.

141 1518 400 1574 coloefium,
444 1522 690 1573 colovium,
732 1522 885 1566 coloe-

140 1583 272 1633 sium,
335 1582 579 1629 colonium,
643 1581 883 1633 colosium,

143 1641 429 1693 coloestium,
487 1641 710 1692 colitium,
759 1641 885 1685 colo-

142 1699 265 1752 fium,
309 1701 594 1751 coloefrium,
632 1698 885 1751 coloefrim,

143 1760 440 1815 coloephrim,
486 1759 704 1811 colosum,
748 1755 886 1804 coefi-

142 1834 250 1864 num
267 1833 338 1875 ap.
358 1820 581 1876 Pelagon.
601 1833 644 1875 p.
663 1819 733 1862 41.
753 1820 886 1862 Hum.

143 1880 308 1923 iterum
355 1879 539 1934 scripsit
593 1879 887 1930 colocasium,

146 1939 272 1982 cuius
330 1936 444 1982 folia
501 1939 727 1982 latissima
788 1951 889 1982 esse

145 2002 344 2042 testatur
374 1998 549 2042 Plinius
583 2000 654 2048 21,
685 1998 754 2041 87.
791 2010 890 2040 car-

146 2070 260 2100 nosa
292 2062 339 2101 et
361 2058 511 2113 spissa
532 2056 761 2112 Theophr.
782 2056 887 2100 hist.

143 2116 203 2172 pl.
238 2117 279 2167 4,
298 2118 339 2168 8,
364 2117 401 2159 7.
435 2122 602 2172 sponte
638 2129 693 2160 ac
725 2121 891 2160 natura

145 2188 361 2227 concava,
393 2181 599 2231 paterae,
618 2176 783 2231 petasi,
818 2188 890 2218 ca-

143 2235 227 2278 tini
260 2241 307 2279 et
347 2234 510 2292 scyphi
545 2234 741 2280 formam
774 2233 889 2279 refe-

144 2294 292 2338 rentia
330 2294 497 2338 Strabo
534 2297 602 2346 17,
639 2294 782 2345 1‚,15.
832 2292 887 2337 cf.

144 2353 336 2397 Salmas.
364 2356 409 2397 in
427 2353 566 2398 Solin.
593 2368 636 2410 p.
657 2354 741 2397 679
761 2366 889 2409 seqq.

143 2426 234 2456 non
267 2413 400 2464 male,
434 2427 534 2456 cum
567 2415 633 2458 sic
650 2412 763 2457 folia
780 2413 891 2456 mal-

145 2484 304 2515 varum
337 2473 691 2516 substernuntur
717 2477 764 2516 et
789 2485 891 2516 coc-

146 2535 248 2573 tura
279 2526 411 2573 finita
443 2532 668 2576 tolluntur
687 2532 785 2575 181.
811 2531 893 2574 illa

145 2603 246 2633 esse
279 2590 559 2634 adiectivum
592 2603 808 2648 graecum
828 2590 892 2633 la-

146 2649 243 2692 tina
275 2650 597 2694 terminatione
631 2650 790 2693 datum
822 2662 892 2692 ar-

145 2714 365 2763 gumento
406 2722 507 2753 esse
552 2710 757 2760 credunt,
792 2722 891 2752 cum

145 2767 287 2823 ἄκρων
309 2781 532 2813 summum
551 2769 770 2813 colocasii
789 2781 893 2812 cau-

147 2826 202 2870 lis
246 2828 467 2872 verticem
503 2833 725 2880 tenerum,
770 2828 894 2872 cibo-

147 2887 263 2930 rium
305 2888 514 2932 Dioscor.
549 2890 590 2940 2,
626 2889 722 2931 128.
773 2888 895 2940 „iun-

148 2959 235 3005 gen
247 2948 516 2993 blatta-iem
532 2947 760 2993 Dierbach
773 2947 892 2991 Flor.

969 868 1086 924 apio.
1120 872 1155 920 ξ.
1189 866 1259 910 40.
1306 865 1500 920 κορυφὴν
1532 878 1614 909 seu
1646 881 1721 905 κε-

971 926 1118 980 φαλὴν,
1168 925 1424 981 capitulum
1479 920 1722 980 significet.

970 986 1184 1042 equidem
1218 985 1346 1028 aliud
1369 985 1517 1029 solum
1538 984 1726 1028 caccabi

972 1043 1287 1090 commendem
1323 1045 1523 1089 suadens
1540 1044 1726 1100 legatur

973 1105 1202 1160 colepium
1244 1117 1277 1147 s.
1325 1102 1553 1155 colefium,
1602 1103 1724 1148 cole-

973 1164 1146 1220 phium,
1180 1162 1445 1218 coliphium,
1479 1163 1605 1220 quod
1634 1163 1725 1207 cal·

974 1225 1067 1268 lum
1128 1223 1408 1279 tergorium,
1483 1221 1727 1274 schwarte,

974 1281 1306 1339 speckschnitt,
1341 1287 1389 1326 et
1406 1282 1633 1334 celicium,
1652 1295 1727 1327 co-

974 1343 1157 1394 lenium‚
1187 1344 1394 1390 κωλίκιον,
1413 1343 1619 1395 κωλῆνον,
1637 1359 1726 1382 κω-

976 1402 1122 1455 λὴνιον
1164 1415 1238 1458 ap.
1284 1401 1410 1446 Suid.
1445 1402 1499 1445 ΙΙ.
1545 1415 1590 1457 p.
1623 1401 1729 1446 374.

977 1462 1161 1513 dicitur,
1196 1460 1251 1504 cf.
1285 1461 1484 1517 interpp.
1519 1461 1580 1504 ad
1597 1461 1729 1506 Iuve-

976 1522 1066 1564 nal.
1117 1522 1158 1572 2,
1206 1521 1276 1563 53.
1336 1521 1526 1576 eiusque
1575 1520 1730 1565 Schol.

976 1594 1019 1636 p.
1053 1580 1155 1624 342.
1190 1580 1289 1623 343.
1335 1585 1382 1625 et
1429 1579 1599 1635 κὰλλοψ
1640 1581 1731 1624 Eu-

977 1639 1152 1684 stathio
1198 1640 1259 1683 ad
1314 1639 1397 1684 Od.
1435 1641 1506 1690 21,
1538 1639 1639 1683 407.
1684 1654 1729 1695 p.

979 1700 1108 1750 1915,
1142 1699 1210 1750 17,
1246 1704 1317 1743 eSt
1348 1698 1512 1754 ταύρου
1547 1698 1729 1754 ἕπαυχέ,

978 1775 1068 1799 mm!
1100 1756 1248 1812 δέρμα,
1281 1758 1401 1813 παχύ
1438 1757 1571 1814 δέρμα
1612 1758 1732 1803 Geo-

978 1832 1085 1875 pon.
1121 1820 1190 1861 19.
1225 1818 1265 1868 6,
1298 1819 1339 1861 3.
1374 1831 1476 1862 cum
1510 1822 1637 1869 nota,
1681 1823 1733 1862 ut

983 1892 1085 1922 cum
1117 1877 1350 1921 adiectivo
1394 1878 1456 1921 sit
1487 1877 1731 1933 ἅκροκολὴ-

984 1953 1095 1985 mov,
1128 1936 1504 1992 acrocoliphium,
1550 1937 1733 1989 callum,

984 1997 1110 2053 quod
1152 2009 1413 2051 supponere
1457 1996 1610 2040 solent
1653 2011 1733 2040 no-

983 2056 1064 2100 stri
1115 2056 1253 2111 coqui
1296 2056 1466 2100 carotis
1511 2061 1559 2100 et
1602 2069 1734 2100 cucu-

984 2115 1182 2160 meribus
1241 2116 1508 2171 coquendis,
1573 2115 1736 2171 populi

984 2174 1234 2219 orientales
1267 2175 1522 2229 pulticulae
1557 2175 1629 2218 cui
1654 2188 1736 2219 no·

983 2248 1085 2278 men
1118 2233 1289 2289 pillaw.
1335 2234 1460 2289 apud
1493 2234 1658 2290 Veget.
1694 2235 1735 2285 2,

982 2294 1053 2345 28,
1088 2294 1155 2336 17.
1199 2292 1342 2337 habes
1386 2307 1601 2338 acronem
1646 2292 1736 2337 sal-

982 2367 1081 2398 sum
1114 2353 1243 2408 porci
1275 2354 1461 2409 pinguis
1494 2354 1522 2396 i.
1543 2367 1581 2397 e.
1611 2356 1737 2396 trun-

984 2413 1134 2456 culum
1174 2412 1282 2463 suis,
1327 2413 1405 2468 qui
1453 2412 1598 2468 ἄκρων
1639 2417 1738 2466 χοί-

985 2487 1091 2526 (mog
1124 2471 1308 2522 dicitur,
1342 2470 1400 2515 cf.
1434 2472 1496 2515 ib.
1531 2473 1571 2523 5,
1605 2472 1676 2523 65,
1696 2472 1735 2514 2.

984 2532 1025 2582 6,
1058 2531 1099 2581 ὃ,
1135 2532 1172 2573 1.
1226 2530 1463 2585 ἀκροκώλια
1506 2536 1737 2575 extremas

983 2595 1155 2646 partes,
1189 2594 1241 2633 ut
1266 2590 1425 2645 pedes,
1459 2591 1632 2646 passim
1658 2590 1738 2633 ha-

983 2651 1160 2694 bemus.
1197 2674 1248 2678 *—
1295 2647 1419 2695 forte
1455 2649 1740 2706 iungendum

990 2713 1067 2762 „ut
1112 2708 1177 2752 ibi
1235 2714 1494 2764 coquantur
1548 2713 1741 2765 propter

986 2771 1189 2812 sucum“.
1225 2793 1278 2797 —
1311 2782 1395 2823 pro
1430 2769 1640 2813 codicum
1676 2769 1740 2812 li-

986 2840 1090 2883 gas
1127 2831 1174 2871 et
1205 2827 1420 2871 185.186.
1444 2828 1543 2879 194,
1578 2828 1740 2883 scripsi

986 2888 1104 2930 lias
1137 2886 1257 2944 lyas,
1302 2887 1469 2943 liqnas‚
1502 2887 1548 2930 in
1581 2886 1741 2932 humo-

988 2961 1083 2991 rem
1117 2946 1313 2991 resolvis
1347 2951 1394 2991 et
1420 2946 1740 3003 liquidumhu-
