2098 3470
701 303 799 347 Lib.
834 303 934 347 VII.
984 301 1221 347 Politeles.
1624 302 1729 355 143

138 437 406 503 liquamen
447 435 700 505 optimum
741 440 793 488 et
834 435 937 488 olei
989 435 1274 488 modicum.
1329 435 1509 505 reples
1568 451 1730 500 aquaw

139 511 294 563 licum
335 510 411 562 sic
450 515 505 561 ut
543 510 901 561 laxamentum
925 510 1135 574 habeat,
1177 526 1245 561 ne
1275 508 1504 561 dissiliat
1530 509 1583 560 in
1614 525 1731 560 coc-

138 589 269 635 tura.
311 584 513 635 surclas
553 584 737 635 ambas
780 587 831 634 et
867 582 922 633 in
964 583 1123 634 ollam
1163 582 1471 634 bullientem
1499 584 1735 634 summit-

138 658 218 709 tis.
261 658 408 708 levas
451 661 503 709 et
545 656 738 726 pungis
781 672 882 708 acu
921 672 987 707 ne
1033 660 1229 724 crepet.
1286 672 1404 708 cum
1458 655 1529 707 ad
1582 655 1731 706 dimi-

140 730 256 782 dias
298 734 506 782 coctum
546 729 723 794 fuerit,
778 729 929 781 lavas
973 733 1024 780 et
1077 729 1146 780 ad
1195 728 1394 780 fumum
1448 728 1732 799 suspendis

139 809 195 855 ut
246 803 523 855 coloretur.
587 807 638 854 et
692 801 866 854 denuo
923 818 1042 854 eum
1094 802 1419 871 perelixabis
1472 808 1528 854 ut
1578 802 1733 869 coqui

139 877 310 946 possit
369 875 563 928 deinde
622 875 928 942 liquamine,
989 892 1152 942 merc,
1215 876 1332 928 oleo
1392 875 1619 930 modico,

250 950 373 1001 290.
435 950 502 1001 Et
543 949 756 1002 cultello
798 949 1009 1017 aperies
1065 954 1117 1002 et
1169 966 1286 1002 cum
1338 949 1626 1016 liquamine
1682 954 1734 1002 et

138 1023 366 1090 ligistico
408 1022 651 1090 apponis.

251 1097 374 1150 291.
449 1097 702 1149 Ventrem
754 1100 809 1148 ut
862 1100 1055 1148 tostum
1108 1095 1297 1162 faciaS,
1367 1096 1422 1148 in
1476 1097 1731 1150 cantabro

137 1170 366 1237 involve,
407 1174 598 1238 postea
636 1170 690 1222 in
730 1170 951 1223 muriam
993 1169 1138 1222 mitte
1181 1174 1232 1223 et
1271 1170 1350 1223 sic
1394 1186 1582 1237 coque.

249 1245 372 1298 292.
445 1243 759 1297 Lumbuli
822 1242 905 1316 [et
956 1241 1182 1315 renes]
1250 1243 1403 1297 assi
1451 1244 1527 1297 ita
1576 1240 1734 1300 fiunt:

137 1404 256 1436 sam
304 1415 358 1422 —-
406 1390 493 1434 ita
538 1394 600 1435 ut
647 1390 783 1435 codd.
829 1415 882 1421 ——
974 1391 1003 1434 i.
1037 1403 1073 1435 e.
1110 1404 1249 1447 quum
1282 1390 1344 1435 ad
1377 1390 1420 1435 d.
1444 1390 1511 1436 sic
1548 1392 1729 1448 „quod“

138 1451 242 1507 liq.
293 1454 412 1505 opt.
463 1454 521 1494 et
569 1449 690 1494 olei
736 1449 881 1494 mod.
979 1449 1074 1492 124.
1110 1454 1411 1506 est„quum“.
1444 1456 1732 1496 —coctus

138 1509 313 1554 omittit
345 1508 418 1553 ed.
451 1505 518 1564 pr.
552 1508 772 1564 intellege
804 1521 884 1564 ga-

138 1582 236 1612 rum
297 1580 542 1619 sociorum,
604 1581 885 1624 prlmarlum,

139 1639 300 1672 cruore
328 1626 528 1671 admisto
546 1628 741 1683 nigrum,
771 1640 795 1671 e
813 1641 886 1670 so-

138 1687 194 1730 lis
226 1686 449 1731 scombris
482 1686 543 1730 ad
575 1685 697 1730 freta
728 1686 886 1730 hercu-

138 1745 211 1789 lea
244 1744 504 1789 confectum
537 1749 585 1789 et
602 1759 685 1801 per
703 1746 883 1801 equites

138 1817 352 1848 romanos
414 1805 641 1848 societate
702 1805 885 1848 iunctos

137 1863 333 1907 Romam
350 1863 551 1907 missum.
584 1863 742 1908 Galen.
765 1877 886 1908 com-

138 1935 236 1978 pos.
279 1922 447 1968 medic.
488 1923 530 1973 3,
576 1924 633 1965 1.·
659 1922 811 1967 Strab.
845 1924 886 1973 3,

137 1982 180 2032 4,
214 1982 250 2024 6.
284 1981 344 2024 ad
384 1981 549 2025 Horat.
592 1995 723 2025 serm.
772 1984 814 2033 2,
846 1983 887 2032 8,

139 2041 210 2084 46.
246 2040 422 2095 Gargil.
457 2040 560 2084 Cur.
579 2041 733 2084 boum.
754 2055 797 2095 p.
817 2042 887 2084 22.

141 2124 184 2128 —
268 2099 677 2154 aqualiculum
753 2100 886 2143 Hum.

138 2162 345 2201 ventrem
377 2159 507 2213 porci
539 2159 604 2202 sic
631 2158 722 2201 dici
750 2158 889 2202 docet

138 2217 299 2260 Isidor.
337 2218 405 2267 11,
441 2219 479 2261 1.
516 2218 613 2260 136,
659 2217 763 2260 coll.
798 2217 887 2261 Ve-

138 2280 232 2331 get.
287 2278 328 2325 2,
379 2277 448 2328 12,
501 2278 537 2319 1.
597 2276 885 2321 Wernsdorf.

138 2335 270 2379 Poet.
312 2336 414 2379 Lat.
458 2336 561 2378 min.
604 2336 662 2379 ΙΙ.
706 2349 748 2389 p.
784 2337 882 2379 237.

139 2407 256 2437 vers.
299 2393 370 2437 83.
412 2393 571 2438 Senec.
605 2408 675 2449 ep.
710 2395 780 2445 90,
814 2396 882 2437 22.

139 2451 290 2495 Edict.
326 2452 477 2497 Diocl.
510 2453 552 2504 4,
573 2455 639 2495 12.
662 2478 712 2482 ——
734 2453 888 2496 laxa—

140 2515 389 2554 mentum
436 2511 734 2563 laxationem,
784 2524 888 2567 spa-

140 2570 254 2613 tium
287 2569 385 2612 248.
420 2575 546 2614 arcte
578 2584 635 2614 ne
653 2569 887 2622 farciatur,

141 2628 280 2672 docet
333 2642 519 2685 coquus.
572 2654 624 2658 ——
674 2630 887 2673 surdas

141 2687 229 2735 ζθκ.
274 2688 373 2731 268.
421 2713 475 2720 -
520 2688 714 2731 ambas
748 2688 886 2732 luras.

140 2746 338 2791 Turncb.
372 2746 575 2791 Advers.
612 2747 651 2798 7,
687 2748 752 2790 18.
800 2748 886 2790 Pa-

139 2805 207 2848 rei
239 2805 347 2849 Lex.
381 2807 481 2851 crit.
513 2819 557 2861 p.
582 2806 680 2849 698.
718 2807 886 2850 ventri-

141 2864 270 2907 culus
313 2864 429 2909 duos
467 2866 563 2909 scil.
608 2865 761 2909 exitus
807 2865 885 2908 ha-

140 2922 234 2968 bet.
279 2948 331 2954 -
373 2936 481 2980 qua
521 2924 713 2968 dimid.
750 2924 885 2968 codd.

976 1523 1009 1547 π
1048 1508 1104 1552 Η,
1155 1523 1269 1554 corr.
1316 1523 1401 1565 pro
1446 1509 1627 1555 levas.
1675 1534 1733 1541 -

977 1567 1216 1612 coletur
1258 1585 1295 1623 γ.
1342 1569 1653 1614 coleretur
1701 1585 1733 1609 π

976 1630 1024 1670 et
1055 1630 1086 1678 β
1116 1640 1144 1670 a
1176 1641 1265 1672 sec.
1299 1640 1451 1679 manu,
1494 1629 1734 1673 coloret

978 1685 1011 1733 ζ.
1045 1687 1172 1741 quod
1214 1687 1387 1742 placet,
1428 1685 1485 1731 cf.
1525 1687 1626 1732 401.
1671 1687 1733 1731 ad

976 1745 1047 1788 25.
1097 1771 1149 1775 —
1198 1746 1582 1801 perelixabis
1629 1760 1732 1802 per-

977 1802 1099 1848 fecte
1143 1804 1337 1849 elixabis
1381 1818 1437 1849 ex
1478 1809 1509 1855 ῥ’
1551 1806 1621 1849 ed.
1663 1819 1730 1861 pr.

977 1876 1061 1918 pro
1094 1865 1298 1918 perlix.
1332 1865 1406 1908 vel
1438 1865 1669 1920 perlax.
1700 1879 1733 1904 π

982 1923 1038 1966 Η.
1074 1923 1135 1965 ad
1168 1924 1269 1966 221.
1314 1923 1437 1967 idem
1470 1923 1566 1968 fere
1599 1919 1654 1967 fit
1684 1924 1731 1967 in

981 1986 1220 2025 omentato
1253 1982 1325 2025 40.

1069 2041 1130 2083 ad
1148 2042 1247 2084 290.
1282 2041 1374 2084 alia
1409 2041 1639 2097 coquendi
1660 2054 1732 2085 ra-

981 2099 1047 2142 tio
1098 2100 1306 2151 docetur,
1354 2113 1459 2143 nam
1512 2100 1730 2153 „cultello

979 2159 1184 2213 aperies“
1258 2159 1379 2203 idem
1445 2158 1540 2203 fere
1604 2160 1731 2215 quod

982 2230 1094 2269 „acu
1136 2221 1340 2274 punges“
1371 2222 1434 2262 vet
1479 2219 1728 2273 „apponis“

978 2276 1038 2319 ad
1085 2277 1238 2333 ignem
1287 2278 1421 2332 ponis
1473 2278 1569 2320 187.
1629 2278 1732 2322 258.

976 2335 1076 2379 404.
1112 2337 1321 2391 quamvis
1355 2336 1494 2380 etiam
1525 2336 1586 2379 sit
1606 2337 1733 2392 quod

976 2394 1145 2438 inferes
1177 2395 1247 2438 41.
1285 2396 1385 2437 116.
1419 2395 1517 2438 216.
1545 2400 1592 2439 et
1612 2396 1731 2439 428?

982 2479 1034 2483 -—
1054 2459 1108 2497 et
1131 2467 1250 2497 eum
1266 2451 1397 2505 βὸθκ.
1419 2480 1470 2485 -
1491 2454 1552 2497 ad
1573 2458 1727 2507 „cum“

980 2510 1038 2555 cf.
1074 2513 1142 2555 58.
1178 2513 1247 2555 59.
1281 2513 1350 2555 64.
1397 2514 1497 2556 216.
1534 2514 1636 2557 293.
1670 2514 1728 2557 al.

1067 2571 1129 2614 ad
1162 2572 1261 2614 291.
1322 2572 1445 2616 idem
1487 2572 1545 2616 de
1591 2572 1733 2617 vulva

979 2629 1174 2673 docetur
1206 2630 1305 2674 260.
1331 2635 1556 2675 tostum
1582 2637 1630 2676 et
1652 2645 1731 2675 ro-

978 2693 1128 2732 stum
1161 2689 1296 2733 codd.
1327 2690 1447 2733 —in
1481 2690 1731 2736 caccabo

977 2759 1074 2802 par.
1112 2771 1165 2778 ἡ

1066 2806 1127 2849 ad
1175 2807 1275 2851 292.
1354 2811 1402 2851 et
1460 2820 1632 2851 renes
1683 2812 1732 2852 ut

977 2865 1212 2921 glossema
1254 2879 1355 2909 cum
1387 2870 1418 2916 β
1449 2867 1576 2919 eieci,
1618 2865 1731 2910 nihil

977 2924 1105 2968 aliud
1146 2929 1253 2968 sunt
1297 2938 1433 2980 quam
1474 2925 1731 2971 lumbuli
