2098 3470
368 299 470 350 176
882 298 981 341 Lib.
1005 298 1129 342 VIII.
1175 299 1418 353 Tetrapus.

366 429 642 482 exinanies
681 429 734 480 in
776 431 1081 497 caccabum,
1122 430 1291 483 facies
1332 436 1387 482 ut
1425 430 1645 482 ferveat.
1690 447 1807 482 cum
1847 430 1949 483 fer-

364 503 551 569 vuerit,
594 503 767 559 amolo
810 503 1032 569 obligas.
1074 505 1368 574 porcellum
1408 504 1739 571 conpositum
1777 504 1830 555 in
1857 522 1950 574 pa-

364 577 475 629 tina
512 576 821 646 perfundeS,
861 576 1017 645 piper
1057 578 1301 647 aspargis
1344 582 1395 630 et
1433 577 1645 630 inferes,

479 651 602 704 382.
654 650 1050 702 Porcellum
1091 651 1587 703 Celsinianum:
1644 667 1817 716 ornas,
1872 650 1949 701 in-

364 723 556 776 fundes
595 723 798 792 pipere,
838 728 970 790 ruta‚
1014 741 1166 791 cepa,
1209 724 1459 790 satureia,
1516 724 1685 776 cucito
1728 741 1854 777 suco
1898 728 1949 776 et

367 814 469 850 ova
519 796 768 849 infundes
820 814 918 867 per
970 797 1273 850 auriculam.
1331 803 1382 850 et
1422 815 1488 850 ex
1527 798 1730 867 pipere,
1784 798 1950 866 liqua-

366 871 523 936 mine,
554 871 677 922 vino
699 870 926 923 modicO.
957 871 1011 922 in
1033 872 1369 923 acetabulum
1392 876 1657 940 temperas
1682 876 1733 923 et
1754 869 1944 924 sumes.

478 945 599 997 383.
641 945 1037 997 Porcellum
1078 961 1328 997 assum:
1373 950 1513 998 teres
1552 946 1721 1015 piper,
1763 949 1949 1010 rut-am,

367 1018 670 1084 satureiam,
723 1035 929 1086 cepam,
979 1035 1195 1088 ovorum
1237 1023 1505 1071 coetorum
1544 1018 1737 1087 media,
1786 1019 1952 1084 liqua-

366 1110 504 1159 men,
578 1092 772 1158 vinum,
828 1093 1020 1159 oleum,
1070 1092 1354 1145 conditum.
1420 1092 1618 1145 bulliat.
1677 1092 1954 1145 conditura

366 1166 660 1238 porcellum
698 1166 753 1217 in
791 1166 1017 1219 boletari
1055 1166 1344 1234 perfundes
1385 1171 1437 1219 et
1474 1165 1685 1219 inferes.

481 1241 605 1293 384.
659 1240 1046 1293 Porcellum
1100 1240 1628 1294 horrcolanum:
1688 1240 1954 1308 porcellus

370 1319 664 1378 exossatur,
720 1330 815 1383 per
869 1314 1047 1381 gulam
1099 1314 1152 1367 in
1205 1314 1418 1366 modum
1459 1314 1603 1367 utris.
1648 1314 1865 1366 mittitur
1901 1314 1954 1366 in

368 1406 488 1442 eum
538 1389 714 1457 pullus
769 1387 1016 1441 esiciatus
1068 1388 1423 1456 particulatim
1476 1388 1736 1455 conciSUS‚
1797 1387 1952 1456 turdi,

364 1463 630 1530 ficetulae,
669 1461 822 1516 isicia
861 1460 930 1515 de
969 1463 1135 1532 pulpa
1163 1479 1276 1529 sua,
1317 1462 1612 1530 lucanicae,
1655 1461 1838 1515 dactili
1867 1479 1954 1515 ex-

365 1637 476 1669 vase
518 1637 655 1669 aereo
687 1623 866 1668 maiora
897 1624 1115 1668 animalia

366 1685 548 1740 integra
561 1683 882 1740 coquebantur
898 1684 971 1728 vel
990 1690 1114 1728 certe

365 1743 767 1799 praedurabantur
799 1747 846 1786 et
877 1747 1044 1798 postea
1068 1743 1115 1786 in

1205 1625 1250 1668 in
1283 1624 1461 1681 Evang.
1495 1624 1656 1669 Matth.
1691 1624 1763 1676 26,
1791 1625 1860 1668 23.
1895 1625 1956 1668 ad

1204 1684 1490 1787 368eid-383.
1539 1757 1623 1787 ov.
1659 1756 1721 1787 co
1739 1746 1808 1786 ct.
1841 1756 1955 1787 me-

365 1803 528 1859 patina
559 1802 634 1847 vel
667 1801 868 1846 caccabo
897 1803 1115 1846 assaban-

366 1867 442 1905 tur
473 1866 522 1906 et
554 1874 654 1905 cum
686 1861 784 1905 iure
816 1861 1115 1916 parabantur.

456 1921 517 1964 ad
534 1921 636 1965 382.
670 1920 878 1964 Celsinus
911 1934 1026 1964 unus
1060 1934 1117 1965 ex

367 1979 630 2024 Vitellianis
677 1979 876 2030 videtur,
924 1979 1000 2023 vel
1039 1980 1116 2024 ille

367 2039 521 2083 affinis
570 2039 721 2083 Clodii
767 2038 931 2083 Albini
980 2039 1058 2095 qui
1090 2051 1118 2082 a

367 2097 615 2153 Spartiano
658 2099 702 2141 in
735 2097 891 2142 Sever.
928 2099 995 2140 11.
1042 2098 1116 2142 vel

367 2157 445 2201 ille
475 2157 762 2200 consiliarius
781 2155 1023 2200 Aureliani
1042 2158 1119 2212 qui

367 2229 396 2259 a
437 2215 644 2271 Vopisco
688 2216 734 2259 in
775 2216 873 2259 eius
912 2217 1012 2259 vita
1046 2217 1117 2259 44.

368 2280 662 2319 memoratur.
687 2300 739 2304 —
773 2274 872 2318 inf.
906 2275 1118 2330 pipere

367 2335 396 2378 i.
443 2347 484 2390 q.
527 2335 573 2378 in
614 2335 789 2390 pipere,
833 2334 894 2377 ad
943 2334 1116 2390 Gargil.

370 2393 474 2438 Cur.
507 2394 647 2438 boum
674 2407 720 2448 p.
738 2393 808 2436 41.
835 2419 889 2424 ——
923 2394 1118 2437 sicuto

369 2465 474 2497 suo
509 2453 644 2497 codd.
677 2465 781 2496 suo
810 2466 899 2496 om.
921 2468 964 2495 π.
999 2466 1119 2496 suc-

371 2525 432 2556 co
466 2524 567 2556 suo
602 2511 672 2556 ed.
707 2525 776 2567 pr.
809 2511 865 2555 H.
913 2512 1118 2555 sicuto

369 2584 551 2615 succo
586 2571 616 2619 ζ.
651 2570 713 2614 ad
745 2570 945 2614 cucitum
971 2569 1028 2614 cf.
1049 2571 1119 2614 66.

371 2630 440 2674 83.
485 2656 536 2660 -
582 2643 686 2685 per
726 2629 975 2674 auricul.
1017 2630 1119 2681 372,

367 2689 754 2734 acetabulum
788 2688 1009 2742 ὅξύβαφον
1048 2689 1123 2732 vel

371 2747 600 2802 ἓμβάφιον,
643 2761 726 2792 Vas
765 2747 889 2803 quod
923 2748 1122 2792 embam-

371 2808 485 2851 mati
542 2807 820 2852 continendo
873 2806 1120 2858 serviebat,

370 2867 417 2911 in
451 2866 577 2923 quod
609 2867 759 2911 cibum
792 2870 1025 2910 sumentes
1054 2866 1120 2909 in-

372 2926 629 2983 tingebant,
674 2928 880 2983 ποροψὶς,
917 2924 1120 2983 τρύβλιον

1207 1801 1305 1845 dia
1352 1802 1514 1846 vitella
1564 1803 1662 1847 196.
1726 1802 1953 1846 condit.

1295 1919 1356 1963 ad
1377 1919 1475 1964 384.
1510 1919 1892 1964 hortolanum
1910 1923 1956 1971 β.

1208 1978 1553 2023 ortolanum
1600 1977 1686 2027 δζκ.
1729 1979 1800 2023 ed.
1836 1979 1954 2023 med.

1208 2038 1381 2081 ortul.
1415 2055 1487 2093 γπ.
1520 2037 1747 2082 hortul.
1781 2038 1851 2081 ed.
1886 2051 1956 2093 pr⁴

1207 2097 1262 2140 H.
1283 2110 1418 2152 quem
1437 2098 1583 2141 secuti
1602 2098 1835 2153 explicant
1852 2110 1957 2152 por-

1210 2156 1374 2200 cellum
1418 2156 1619 2200 oleribus
1664 2156 1957 2200 hortensibus

1208 2214 1393 2259 fartum.
1427 2216 1509 2260 sed
1527 2229 1599 2259 me
1627 2228 1719 2259 non
1739 2219 1956 2259 monente

1208 2274 1389 2319 videbis
1415 2275 1571 2329 plures
1593 2279 1851 2329 praeterea,
1884 2287 1957 2317 res

1210 2346 1327 2389 quae
1390 2334 1612 2377 tricentur
1662 2334 1708 2377 in
1755 2332 1956 2376 medium

1209 2391 1417 2447 proferri.
1452 2392 1611 2436 lexicis
1643 2393 1853 2448 ignotum
1878 2391 1958 2434 ad·

1210 2451 1426 2495 iectivum
1471 2464 1570 2494 esse
1613 2452 1657 2494 in
1699 2464 1790 2506 quo
1830 2450 1958 2494 utin

1210 2509 1426 2554 horreolo
1459 2510 1534 2554 vel
1568 2510 1847 2565 repositorio
1880 2521 1958 2552 va-

1211 2570 1306 2613 riae
1338 2582 1410 2613 res
1443 2569 1703 2613 conduntur
1725 2569 1768 2612 in
1793 2572 1958 2623 aperto

1212 2632 1295 2672 est.
1332 2654 1375 2658 —
1417 2641 1514 2683 per
1545 2628 1741 2684 gulam
1775 2631 1959 2671 exente-

1212 2691 1341 2731 ratur
1382 2687 1449 2730 sic
1486 2690 1539 2730 ut
1569 2691 1671 2731 uter
1701 2684 1786 2730 fiat
1817 2686 1959 2730 omni-

1212 2747 1298 2792 bus
1330 2746 1561 2790 intestinis
1580 2745 1776 2790 exemtis
1793 2745 1881 2788 364
1898 2745 1956 2788 in.

1214 2831 1265 2835 -
1310 2804 1466 2848 utris
1509 2819 1593 2860 pro
1635 2805 1784 2849 iuris
1832 2818 1888 2848 ex
1929 2808 1960 2855 ῥ’

1210 2864 1268 2908 Η.
1313 2890 1366 2894 —
1408 2864 1691 2908 esiciatus
1733 2865 1779 2907 in
1818 2864 1957 2919 pluri-

1210 2924 1308 2976 mis,
1346 2923 1450 2981 (402
1481 2924 1526 2966 in
1561 2923 1788 2979 omnibus)
1834 2922 1957 2967 exi-
