2098 3470
347 316 451 369 184
863 312 964 359 Lib.
988 311 1110 357 VIII.
1153 312 1397 370 Tetrapus.

346 451 399 500 ut
437 446 659 514 ferveat,
701 463 817 501 cum
857 446 1125 515 fervuerit,
1166 447 1341 500 amolo
1377 446 1657 514 obligabis,
1688 463 1932 517 exornas,

344 521 425 575 ius
465 520 761 590 perfundis,
801 521 958 590 piper
995 521 1242 591 aspargis
1283 525 1335 575 et
1370 520 1584 575 inferes,

457 597 580 650 401.
620 596 960 666 Leporem
999 594 1532 664 passenianum:
1574 595 1811 665 leporem
1846 610 1932 647 cu-

344 686 450 737 ras,
517 685 758 736 exossaS,
812 673 1091 723 extensum
1145 685 1319 736 ornaS,
1383 668 1679 738 suspendes
1732 667 1803 720 ad
1855 667 1933 720 fu-

344 760 502 798 mum.
545 759 663 798 cum
705 743 1040 810 coloraverit,
1081 742 1249 797 facies
1277 748 1333 796 ut
1362 741 1583 795 dimidia
1610 746 1826 795 coctura
1849 758 1934 795 co-

346 821 552 885 quatur.
592 818 760 883 lavas,
791 833 1052 886 asparges
1083 818 1210 870 salis
1242 833 1490 871 massam.
1523 832 1796 883 oenogaro
1822 818 1934 868 tan-

342 908 468 959 ges:
501 890 705 945 adicies
731 891 785 944 in
812 890 1119 944 mortarium
1147 891 1317 961 piper,
1357 890 1659 958 ligisticum,
1700 889 1934 956 fricabiS,

339 964 620 1020 suffundes
661 966 950 1033 liquamen,
989 965 1168 1018 vinum
1199 969 1250 1018 et
1276 964 1565 1031 liquamine
1592 964 1933 1032 temperabis.

340 1039 393 1092 in
435 1040 744 1106 caccabum,
786 1038 990 1093 adicies
1031 1040 1203 1093 oleum
1234 1038 1519 1105 modicum,
1548 1038 1716 1092 facies
1750 1042 1807 1089 ut
1834 1036 1935 1090 fer·

341 1118 483 1168 veat.
529 1130 647 1168 cum
686 1113 953 1180 fervuem’t,
995 1113 1170 1167 amolo
1213 1113 1437 1179 obligas,
1480 1113 1718 1181 leporem
1758 1127 1937 1165 assum

341 1205 374 1242 a
414 1186 574 1242 dorso
614 1187 813 1258 tangis,
854 1187 1010 1259 piper
1048 1187 1295 1257 aspargis
1337 1191 1389 1241 et
1425 1185 1641 1241 inferes,

344 1351 435 1395 ius
480 1363 596 1395 corr.
638 1363 723 1406 pro
762 1349 871 1394 mel
903 1350 1007 1394 ius.
1045 1375 1096 1380 —

342 1408 616 1455 defricto
661 1408 895 1454 colorabis
938 1410 1008 1453 67.
1044 1434 1096 1438 —

345 1481 605 1514 exornas
653 1469 877 1525 leporem.
915 1494 969 1499 —
1013 1468 1099 1524 pi-

342 1542 447 1584 per
479 1542 570 1574 om.
604 1533 672 1584 βγ.

431 1589 494 1633 ad
523 1588 627 1633 401.
692 1587 957 1643 leporem
1005 1599 1099 1631 cu-

341 1661 437 1693 ras
484 1673 535 1678 -
587 1650 886 1703 coquatur
932 1645 1101 1689 similia

340 1712 449 1751 sunt
480 1707 573 1751 illis
605 1707 706 1751 386.
751 1719 917 1750 nomen
941 1704 1095 1761 ‚habet

344 1767 403 1811 ab
436 1767 595 1822 aliquo
637 1765 878 1810 luxurioso
910 1764 1098 1809 homine

343 1827 426 1880 <ad
467 1827 572 1875 377.
615 1825 737 1878 382.)
783 1825 941 1869 nescio
990 1838 1096 1880 quo.

343 1886 670 1930 Passienorum
708 1885 755 1928 in
787 1888 988 1929 mentem
1023 1897 1099 1929 ve-

343 1945 413 1989 nit
445 1950 494 1990 et
526 1944 574 1989 C.
599 1943 825 1989 Pescenni
859 1943 989 2000 Nigri
1022 1943 1100 1999 qui

344 2005 600 2060 imperator
623 2017 653 2047 a
672 2002 935 2060 legionibus
954 2003 1099 2047 orien-

346 2064 521 2108 talibus
555 2063 732 2108 electus
766 2063 887 2106 circa
905 2074 978 2105 an.
999 2062 1097 2106 195.

344 2123 478 2173 obiit,
512 2123 587 2168 vel
603 2122 819 2167 Bassiani
834 2121 1099 2177 Elagabali,

343 2182 595 2227 Herodian.
630 2183 672 2234 5,
705 2183 748 2227 3.
787 2180 1020 2236 Lamprid.
1054 2180 1099 2224 in

345 2242 444 2286 eius
461 2242 560 2286 vita
580 2243 619 2287 1.
639 2240 769 2286 volui
800 2239 942 2284 etiam
974 2251 1100 2295 pas-

344 2301 576 2346 sienum
619 2313 872 2357 expansum
914 2299 990 2343 vel
1031 2312 1101 2343 re-

344 2361 626 2417 supinatum,
646 2359 780 2417 quasi
797 2359 1002 2403 obscena
1019 2371 1100 2414 pa-

344 2420 555 2471 tientem,
588 2419 649 2463 ad
680 2420 868 2463 Petron.
893 2417 966 2469 24,
986 2416 1026 2459 4.
1055 2422 1103 2462 et

345 2479 403 2524 de
446 2478 590 2523 verbo
622 2478 843 2535 pandere,
886 2477 1103 2531 pendere,

345 2538 632 2594 suspendere
666 2535 887 2592 cogitavi.
936 2561 977 2565 ›-—
1029 2536 1104 2580 ad

346 2596 582 2642 furnum
614 2597 661 2640 in
693 2609 789 2640 sex.
837 2593 892 2639 cf.
927 2594 996 2638 56.
1032 2595 1101 2639 60.

345 2658 451 2701 289.
470 2657 570 2700 386.
605 2669 697 2712 quo
730 2655 836 2699 loco
869 2654 1102 2712 porcellus

345 2715 404 2761 de
438 2713 566 2760 fumo
599 2714 814 2760 sublatus
847 2712 1025 2757 salitur.
1047 2739 1101 2745 —-

346 2778 601 2820 coctura
634 2787 724 2819 om.
743 2773 815 2818 ed.
840 2771 1026 2816 mediol.
1048 2798 1092 2802 a

345 2834 526 2885 lavas,
559 2846 677 2889 asp.
711 2832 895 2876 salem
930 2831 1102 2876 ut330.

350 2906 489 2949 „aper
530 2892 811 2948 spongiatur
853 2897 901 2935 et
932 2890 1000 2935 sic
1031 2903 1103 2934 as-

347 2952 561 3010 pargitur
607 2952 649 2997 ei
692 2951 804 3004 sal“.
853 2949 928 3001 hic
960 2950 1101 3000 etiam

1190 1363 1233 1393 m
1248 1362 1275 1392 a
1286 1362 1307 1393 s
1320 1362 1341 1393 s
1352 1364 1381 1392 a
1398 1348 1694 1404 adspergitur
1711 1351 1783 1403 (ne
1801 1347 1939 1403 iunge

1195 1421 1419 1462 „massam
1465 1421 1564 1452 oen.
1597 1410 1790 1465 tanges“
1837 1420 1939 1451 cum

1191 1468 1296 1512 edd.
1344 1473 1396 1511 ut
1442 1467 1500 1511 de
1548 1480 1684 1513 carne
1730 1466 1941 1523 leporina

1190 1532 1411 1573 exossata
1427 1526 1756 1584 intellegatur).
1790 1526 1940 1571 lexica

1191 1591 1361 1631 tacent.
1405 1599 1559 1631 massa
1599 1586 1710 1640 μάζα
1757 1600 1792 1630 s.
1830 1585 1939 1639 μᾶζα

1192 1651 1263 1690 est
1287 1646 1413 1702 quod
1429 1645 1607 1691 farinae
1631 1645 1854 1690 subactae
1875 1645 1940 1687 in-

1189 1709 1287 1749 star
1326 1705 1516 1750 densum
1563 1710 1609 1750 et
1651 1705 1850 1761 spissum
1892 1706 1941 1747 et

1189 1765 1447 1821 generatim
1477 1765 1574 1809 offa
1599 1765 1741 1809 variis
1765 1763 1941 1819 specie-

1190 1825 1276 1869 bus
1320 1824 1588 1869 aromaticis
1635 1824 1846 1868 contritis
1893 1825 1942 1867 et

1190 1896 1331 1939 passo
1371 1884 1578 1928 subactis
1618 1883 1759 1928 facta.
1798 1882 1940 1926 talem

1191 1954 1390 1987 massam
1433 1943 1478 1986 in
1513 1956 1598 1987 vas
1630 1942 1769 1987 musti
1801 1941 1942 1986 deicit

1194 2015 1287 2058 quo
1306 2003 1608 2046 aromaticum
1628 1998 1712 2045 fiat
1728 2002 1938 2046 Dioscor.

1190 2063 1232 2113 5,
1266 2060 1339 2106 64.
1372 2062 1493 2106 unde
1525 2074 1610 2105 sua
1640 2061 1942 2118 neglegenter

1190 2120 1398 2165 hausisse
1418 2121 1614 2165 Plinium
1635 2120 1702 2172 14,
1727 2121 1825 2164 107.
1851 2119 1941 2163 iam

1193 2180 1400 2224 ostendit
1431 2178 1623 2225 Salmas.
1658 2180 1703 2223 in
1736 2179 1877 2224 Solin.
1895 2192 1940 2234 p.

1191 2239 1290 2284 500.
1325 2239 1368 2283 b.
1413 2252 1610 2283 massam
1654 2239 1853 2294 denique
1894 2237 1942 2281 in

1190 2298 1352 2354 lingua
1384 2299 1686 2342 mercantium
1719 2302 1770 2341 ut
1802 2297 1943 2341 offam

1193 2361 1240 2401 et
1287 2357 1486 2410 παλάθην
1534 2371 1635 2402 esse
1675 2369 1942 2413 prunorum,

1160 2416 1165 2421 '
1194 2412 1403 2468 ficorum,
1436 2421 1729 2474 caryotarum
1757 2420 1804 2460 et
1821 2415 1943 2459 simi-

1194 2476 1304 2519 lium
1338 2476 1615 2521 siccatorum
1645 2476 1870 2520 calcatum
1890 2477 1939 2519 et

1195 2539 1486 2591 compactum
1509 2535 1700 2592 globum
1720 2534 1938 2579 Graecos-

1194 2607 1283 2651 que
1315 2595 1596 2639 recentiores
1625 2594 1778 2639 dicere
1807 2591 1944 2646 μάζαν

1194 2653 1420 2710 quidquid
1466 2654 1511 2698 in
1566 2667 1703 2698 unum
1750 2651 1943 2709 globum

1193 2717 1276 2756 aut
1317 2724 1531 2757 acervum
1575 2716 1788 2757 coactum
1820 2714 1945 2755 esset

1193 2785 1238 2828 p.
1272 2771 1371 2815 537.
1414 2771 1458 2815 b.
1502 2776 1703 2827 postque
1744 2784 1846 2814 eum
1878 2770 1943 2813 in-

1193 2835 1341 2886 terpp.
1376 2830 1438 2874 ad
1481 2830 1710 2886 Theophr.
1745 2829 1852 2873 hist.
1879 2827 1941 2884 pl.

1192 2889 1236 2939 4,
1268 2891 1310 2940 2,
1346 2890 1413 2933 10.
1447 2890 1640 2935 Diodor.
1688 2889 1757 2939 17,
1790 2888 1858 2931 67.
1898 2901 1941 2942 p.

1193 2963 1251 2993 m.
1274 2949 1373 2997 187.
1416 2950 1561 3009 long.
1580 2951 1623 3008 3,
1641 2949 1710 2994 20.
1745 2945 1942 2998 Martial.
