2098 3470
365 307 434 371 48
905 310 990 363 Lib
1023 319 1078 363 II.
1143 315 1403 376 Sarcoptes.

363 450 737 518 perducantur,
774 450 1034 516 ciminum,
1076 451 1232 503 ammi
1257 451 1608 518 ammiscebiS‚
1650 469 1806 505 uvam
1829 470 1950 521 pas-

364 540 496 590 sam,
557 540 842 577 caroenum
899 525 987 577 vel
1043 541 1276 593 passum,
1337 525 1568 594 desuper
1627 526 1951 580 confractum

365 598 610 666 aspargis
652 602 704 650 et
739 597 795 649 in
833 598 1056 651 boletari
1094 597 1306 652 inferes

475 671 561 725 54.
615 671 956 724 Vulvulae
1003 672 1212 725 isiciata
1260 673 1335 725 sic
1375 672 1530 725 fiunt:
1584 672 1739 740 piper
1776 673 1951 726 tritum

365 749 418 798 et
457 744 719 811 ciminum,
773 745 950 812 capita
993 762 1270 814 porrorum
1318 747 1500 800 brevia
1539 745 1643 798 duo
1685 746 1753 798 ad
1793 747 1951 799 molle

362 823 610 887 purgata,
650 823 783 885 ruta,
837 819 1124 887 liquamen,
1178 819 1537 873 admiscentur
1575 820 1774 888 pulpae
1813 821 1951 874 bene

363 949 539 1006 scripsi.
580 948 967 1005 apodetinum
1009 949 1036 992 i.
1072 962 1112 995 e.

364 1021 421 1053 ex
461 1005 683 1064 α’ποὸέρω,
728 1007 965 1063 depellato
1018 1006 1112 1053 fac-

362 1072 473 1112 tum.
520 1068 675 1125 qualia
728 1067 963 1112 adiectiva
1005 1072 1112 1111 sunt

362 1127 535 1178 ξύλινος,
583 1126 796 1173 σκύτινος,
843 1128 1002 1173 λίθινος
1047 1126 1107 1170 al.

359 1190 602 1244 praeterea
633 1199 678 1229 m
718 1185 939 1230 librorum
971 1198 1111 1242 saepe

361 1247 415 1290 in
448 1250 520 1290 est
539 1249 591 1289 ut
616 1246 684 1289 60.
706 1244 920 1302 (Salmas.
953 1245 999 1289 in
1015 1245 1107 1290 Sol.

362 1318 406 1361 p.
441 1305 510 1349 81.
547 1305 644 1349 118.
689 1316 728 1347 a.
771 1305 838 1348 sic
877 1304 980 1349 cod.
1023 1304 1112 1348 sal-

363 1376 476 1409 mas.
540 1365 588 1408 in
644 1364 858 1420 Excerpt.
908 1364 1114 1419 gentima

362 1423 474 1467 mihi
504 1423 671 1468 setinia
703 1424 808 1478 est).
847 1448 901 1455 —-
924 1423 1112 1479 depel-

362 1482 498 1527 latis
529 1496 613 1538 pro
639 1483 913 1538 depilatis
939 1496 995 1528 ex
1028 1496 1110 1527 sex

363 1542 501 1587 codd.
532 1547 567 1596 ξ.
602 1543 701 1587 229.
729 1542 758 1586 i.
784 1555 825 1598 q.
856 1542 1112 1587 decortica-

362 1602 438 1653 tis,
485 1601 663 1645 Pallad.
713 1602 754 1652 2,
804 1602 873 1653 15,
921 1605 987 1646 12.
1033 1601 1113 1645 ubi

365 1661 628 1717 „amigdala
661 1661 949 1705 decorticata
991 1673 1113 1717 aqua

362 1722 540 1763 marina
598 1725 680 1764 aut
726 1720 851 1764 salsa
898 1720 1114 1765 lavantur

363 1785 416 1823 ut
454 1779 655 1823 candida
689 1776 848 1831 fiant“,
901 1780 1112 1837 purgatis

361 1839 464 1883 283.
497 1839 558 1882 ad
575 1839 824 1894 52.——pro
859 1851 975 1883 cum
1007 1841 1113 1883 iam

362 1898 488 1951 iam,
529 1899 681 1941 misc.
728 1898 943 1953 (alterum
1001 1899 1110 1942 iam

359 1957 466 2012 γζθκ
512 1957 583 2001 ed.
615 1971 684 2013 pr.
721 1957 958 2011 omittunt)
1002 1957 1112 2001 olim

360 2017 489 2061 volui
506 2030 531 2060 c
543 2030 569 2060 o
581 2017 727 2060 minu
739 2029 783 2058 m
802 2017 927 2072 quod
939 2017 1111 2072 passIm

361 2076 866 2129 scribitur„cuminum“
884 2081 931 2120 et
948 2076 1112 2130 „cumi-

360 2136 510 2179 nium“
523 2136 619 2179 scil.
632 2135 799 2187 oleum,
813 2139 859 2178 et
872 2140 922 2178 ut
933 2135 1113 2179 voxmi-

360 2208 445 2238 nus
469 2202 583 2239 nota
609 2193 746 2238 facile
772 2195 1111 2250 pessumdatur.

362 2254 424 2298 ad
441 2255 630 2308 „ammi“
648 2252 704 2297 cf.
726 2255 794 2296 29.
813 2254 968 2297 Diosc.
988 2255 1110 2305 3‚63.

361 2314 480 2358 Plin.
514 2313 707 2365 20‚163.
738 2312 972 2357 Dierbach
988 2313 1110 2357 Flor.

360 2371 499 2428 Apic.
548 2377 583 2426 ξ.
619 2373 686 2416 77.
737 2397 793 2405 -
849 2370 1115 2416 confrac-

361 2437 483 2476 tum
549 2436 601 2476 ut
664 2432 765 2475 320.
832 2431 1114 2487 interpretor

360 2503 528 2548 panem
604 2496 853 2542 recoctum,
930 2488 1114 2546 δίπυρον

362 2550 536 2596 Athen.
581 2551 623 2602 3,
669 2549 736 2593 74.
781 2550 843 2598 ad
886 2551 973 2594 278
1007 2564 1113 2595 con-

361 2608 496 2655 verto
517 2609 765 2667 gereibsel,
797 2610 998 2663 broesel‚
1023 2610 1112 2655 bri-

361 2672 464 2714 8668
495 2683 595 2713 cum
625 2669 786 2724 Gallis,
830 2669 986 2724 nort-tq?
1012 2682 1114 2714 oum

364 2730 566 2775 Graecis.
588 2734 635 2775 et
656 2732 906 2782 „tractum“
940 2729 1113 2785 passim

362 2790 580 2835 scribitur
600 2788 865 2845 „tractum“.
898 2815 951 2820 —-
973 2802 1039 2834 vo
1053 2788 1067 2831 l
1081 2788 1115 2831 i-

362 2851 482 2894 tari
537 2854 585 2893 et
641 2849 920 2896 volutari
978 2847 1112 2894 codd.

362 2910 476 2955 alibi
518 2910 806 2958 voletari.
845 2910 876 2954 b
921 2916 968 2956 et
998 2923 1029 2954 v
1069 2910 1116 2953 in

363 2974 536 3020 nostris
579 2985 760 3029 semper
800 2972 895 3017 fere
928 2972 1116 3029 permis—

1204 955 1364 996 centur
1405 955 1456 994 ut
1488 951 1556 994 54.
1596 950 1865 1004 „vulvulae“
1902 955 1949 996 et

1207 1010 1496 1064 „bulbulae“.
1541 1007 1596 1054 cf.
1642 1023 1713 1054 me
1752 1009 1814 1054 ad
1851 1010 1949 1054 181.

1204 1073 1252 1112 et
1268 1069 1329 1112 ad
1349 1068 1520 1126 Gargil.
1541 1081 1632 1112 eur.
1650 1069 1791 1113 boum
1810 1070 1851 1112 3.
1871 1069 1953 1113 Ce-

1203 1132 1351 1172 terum
1382 1128 1430 1171 id
1461 1128 1621 1171 sicium
1660 1140 1715 1171 ex
1747 1128 1952 1172 medulla

1202 1200 1368 1231 nucum
1385 1186 1672 1242 iuglandium
1684 1191 1951 1242 putatarum

1203 1246 1408 1302 inprimis
1442 1250 1659 1290 constans
1689 1246 1953 1302 appellatur

1203 1305 1481 1350 terentinum
1500 1306 1597 1348 172.
1619 1305 1721 1350 coll.
1736 1305 1837 1350 372.
1852 1306 1953 1349 339.

1206 1366 1303 1408 133.
1338 1364 1616 1421 amygdalae
1648 1369 1755 1409 sunt
1778 1363 1953 1409 fructus

1203 1424 1342 1468 iidem
1386 1425 1463 1480 qui
1506 1424 1618 1467 alibi
1649 1436 1788 1468 nuces
1820 1436 1951 1480 grae-

1204 1496 1285 1528 cae
1304 1483 1516 1527 dicuntur
1529 1482 1756 1540 (Schneid.
1775 1483 1836 1526 ad
1854 1482 1952 1527 Col.

1204 1543 1245 1594 5,
1282 1543 1350 1594 10,
1386 1542 1458 1595 12)
1501 1549 1548 1586 et
1589 1555 1681 1585 nux
1723 1543 1954 1586 terentina

1203 1607 1298 1645 tam
1320 1602 1458 1646 molle
1500 1606 1719 1657 putamen
1750 1601 1954 1646 habebat

1204 1666 1255 1705 ut
1302 1662 1379 1705 vix
1425 1666 1726 1705 attrectatum
1772 1659 1953 1716 frange-

1204 1729 1331 1765 retur
1363 1720 1581 1776 (Maerob.
1617 1725 1703 1763 sat.
1731 1720 1773 1771 3,
1795 1719 1863 1770 18,
1884 1721 1951 1763 13.

1205 1793 1306 1823 cum
1339 1780 1467 1833 Ian.)‚
1501 1779 1621 1823 unde
1652 1777 1788 1833 γυμνοὶ
1819 1777 1952 1834 κάρυα

1207 1839 1415 1895 Geopon.
1453 1839 1521 1889 10,
1545 1839 1614 1881 66.
1649 1845 1697 1881 et
1727 1837 1850 1881 mala
1871 1851 1953 1893 pu-

1203 1899 1308 1942 nica
1347 1897 1541 1954 ἇπὺρηνα
1587 1897 1656 1948 10,
1688 1898 1758 1940 31.
1803 1910 1832 1940 a
1872 1896 1952 1939 mi-

1204 1971 1288 2001 nus
1321 1957 1503 2013 lignoso
1537 1956 1714 2000 nucleo.

1294 2017 1355 2060 ad
1387 2017 1458 2059 54.
1490 2016 1742 2059 isiciata
1773 2015 1813 2059 si
1844 2026 1955 2058 vera

1204 2076 1361 2130 lectio,
1401 2075 1743 2119 substantivum
1782 2086 1953 2118 novum

1205 2141 1276 2180 est
1320 2135 1474 2190 qualia
1515 2135 1596 2177 illa
1635 2134 1697 2177 ad
1728 2134 1799 2177 49.
1832 2131 1954 2176 forte

1204 2195 1382 2239 isicia
1395 2199 1452 2237 ta
1465 2207 1488 2237 e
1519 2195 1728 2248 impensa
1750 2192 1866 2236 isicii
1884 2203 1952 2235 re-

1203 2254 1374 2309 pletae,
1401 2252 1527 2309 quod
1542 2252 1836 2307 participium
1853 2256 1953 2294 sae-

1203 2313 1306 2368 pius
1348 2312 1459 2355 mihi
1500 2311 1617 2355 latet
1656 2312 1702 2354 in
1733 2310 1954 2354 librorum

1208 2372 1476 2426 „esiccatus,
1511 2371 1790 2415 exiccatus“.
1810 2393 1864 2400 --
1898 2381 1955 2412 ex

1204 2431 1276 2476 ed.
1309 2444 1377 2487 pr.
1410 2430 1482 2473 ad
1507 2430 1660 2474 mole
1692 2428 1827 2472 malis
1860 2427 1954 2471 avi-

1203 2491 1289 2536 bus
1312 2503 1340 2533 a
1362 2489 1528 2541 mole,
1562 2489 1689 2545 quod
1713 2491 1836 2532 esset
1863 2486 1951 2539 „ab

1203 2550 1385 2606 integro
1404 2553 1572 2604 porro“
1598 2548 1866 2603 expiscatus
1883 2549 1954 2589 est

1202 2609 1336 2652 Hum.
1388 2607 1446 2653 cf.
1495 2607 1670 2658 Colum,
1718 2607 1786 2657 12,
1827 2606 1867 2657 9,
1914 2606 1952 2648 1.

1205 2669 1390 2721 „caules
1422 2668 1633 2711 lactucae
1665 2665 1723 2710 ab
1756 2665 1847 2708 imo
1878 2663 1954 2707 des

1203 2732 1429 2784 purgatos
1451 2732 1657 2777 eatenus,
1682 2737 1772 2781 qua
1794 2728 1955 2768 tenera

1204 2786 1319 2834 folia
1349 2786 1674 2831 videbuntur“.
1707 2783 1952 2827 nucleos

1206 2862 1323 2894 corr.
1349 2847 1483 2890 Hum.
1517 2858 1590 2901 ap.
1610 2844 1725 2888 Plin.
1750 2843 1817 2898 15,
1854 2842 1951 2888 116.

1204 2908 1355 2954 nuclei
1393 2920 1586 2964 granum
1630 2906 1742 2950 item
1785 2909 1856 2950 est
1886 2902 1953 2956 pi-

1205 2968 1441 3021 nienkern⁷
1495 2970 1541 3012 ni
1587 2968 1756 3023 placet,
1804 2962 1953 3009 scribe
