2098 3470
407 336 480 389 30
960 338 1061 382 Lib.
1094 337 1127 382 Ι.
1189 338 1433 394 Epimeles.

406 468 491 520 vel
532 469 650 534 plus
692 481 849 536 porro
884 469 1048 522 misce
1079 469 1378 536 diligenter,
1418 471 1696 537 posthaec
1725 473 1993 538 aliquanto

407 546 644 608 ternpore
685 548 868 610 patere
893 544 1232 612 requiescere
1263 549 1314 597 et
1344 544 1655 597 liburnicum
1686 561 1868 598 omnes
1901 563 1993 613 pu-

406 616 593 668 tabunt

518 689 551 741 6
610 689 845 741 Vinum
877 706 957 742 ex
986 694 1134 741 atro
1171 688 1531 742 candidum
1569 690 1644 743 sic
1683 691 1879 744 facies:
1917 692 1991 744 lo-

406 768 636 814 mentum
678 780 744 815 ex
782 761 910 815 faba
948 763 1144 815 sactum
1184 764 1269 815 vel
1310 780 1526 815 ovorum
1565 764 1718 815 trium
1758 766 1994 818 alborem

405 837 459 890 in
486 836 739 903 lagonam
769 836 931 888 mittis
960 841 1012 889 et
1035 837 1325 889 diutissime
1351 838 1539 903 agitas,
1583 838 1625 889 si
1655 840 1822 891 salem
1847 838 1992 891 adie-

407 909 543 964 ceris
578 909 863 963 candidum
891 914 943 962 et
983 909 1213 963 cinerem
1237 910 1355 962 vitis
1384 911 1555 975 albae,
1596 910 1737 964 idem
1774 912 1989 965 faciunt.

518 985 566 1038 7.
609 984 706 1037 De
747 984 1125 1052 liquamine
1158 983 1602 1036 emendando.
1645 985 1913 1054 liquamen
1949 986 1992 1038 si

407 1057 625 1111 odorem
664 1058 859 1110 malum
899 1057 1101 1123 fecerit,
1149 1075 1243 1110 vas
1283 1059 1441 1110 inane
1481 1060 1746 1111 inversum
1786 1059 1988 1126 fumiga

403 1132 553 1185 lauro
598 1137 650 1185 et
688 1148 940 1200 cupresso
983 1137 1034 1185 et
1071 1131 1125 1183 in
1162 1131 1265 1185 hoc
1302 1132 1570 1198 liquamen
1609 1132 1827 1187 infunde
1867 1139 1990 1186 ante

404 1206 729 1260 ventilatum.
771 1205 815 1258 si
854 1206 1052 1258 salsum
1090 1205 1262 1271 fuerit,
1303 1205 1474 1258 mellis
1511 1208 1796 1259 sextarium
1831 1207 1991 1260 mittis

407 1285 459 1334 et
497 1297 652 1334 move
692 1280 870 1349 spicas
911 1284 963 1332 et
997 1278 1307 1333 emendasti.
1349 1279 1447 1332 sed
1473 1284 1524 1333 et
1547 1285 1771 1333 mustum
1799 1297 1989 1334 recens

402 1354 545 1409 idem
584 1359 837 1423 praestat.

517 1430 566 1482 8.
608 1428 692 1481 Ut
732 1444 978 1482 carnes
1019 1426 1163 1479 sine
1205 1427 1354 1480 sale
1395 1427 1634 1494 quovis
1675 1432 1987 1496 tempore

404 1508 729 1557 recentes
782 1502 943 1554 sint:
999 1517 1187 1554 carnes
1238 1506 1480 1554 recentes
1531 1501 1716 1570 quales
1756 1502 1987 1556 volueris

405 1577 560 1630 melle
599 1581 860 1644 tegantur,
903 1574 1000 1628 sed
1039 1591 1136 1627 vas
1176 1574 1424 1644 pendeat.
1470 1580 1520 1628 et
1553 1575 1766 1641 quando
1806 1577 1986 1629 volue-

403 1651 492 1718 riS,
534 1655 681 1704 utere
738 1650 840 1702 hoc
879 1649 1053 1702 hieme
1086 1649 1271 1702 melius
1305 1649 1375 1715 fit,
1418 1653 1623 1702 aestate
1657 1650 1841 1717 paucis
1877 1650 1987 1703 die-

403 1726 501 1779 bus
542 1724 753 1777 durabit
811 1728 863 1776 et
900 1723 955 1775 in
995 1739 1154 1775 earne
1196 1727 1346 1775 cocta
1383 1722 1567 1776 itidem
1606 1722 1799 1792 facies·

515 1800 563 1852 9.
609 1798 871 1851 Callum
901 1797 1261 1865 porcinum
1291 1797 1400 1849 vel
1437 1798 1758 1849 bubulum
1794 1803 1854 1850 et
1889 1814 1988 1849 un-

403 1873 642 1939 gellae
683 1877 747 1926 et
786 1877 984 1924 cocta
1023 1876 1092 1922 ut
1131 1870 1243 1923 diu
1284 1870 1558 1923 durent:
1600 1871 1652 1923 in
1693 1871 1882 1939 senapi
1923 1888 1990 1924 ex

491 2018 553 2062 ad
584 2018 623 2061 6.
678 2018 727 2062 si
763 2017 1034 2073 absorptum
1065 2031 1147 2072 pu·
1238 2015 1491 2062 fenunde
1534 2017 1668 2060 codd.
1702 2015 1880 2060 funde
1914 2015 1989 2060 ed.

402 2082 506 2122 tans
538 2077 687 2121 adieci
718 2081 765 2121 et
793 2078 971 2121 correxi
1005 2081 1053 2120 ut
1083 2077 1147 2119 vi·
1237 2090 1305 2131 pr.
1340 2100 1394 2111 —-
1435 2089 1636 2120 moves
1669 2076 1840 2131 picas
1884 2079 1989 2130 βγπ.

403 2137 497 2181 des.
515 2137 561 2179 in
581 2149 663 2180 sex
686 2136 824 2180 codd.
846 2136 1014 2192 agita
1037 2135 1148 2179 sali
1237 2149 1444 2179 novem
1476 2135 1668 2190 spicas
1710 2134 1781 2179 ed.
1825 2148 1893 2189 pr.
1927 2134 1991 2177 ad

402 2196 629 2240 adierit
662 2194 982 2246 candidum,
1014 2194 1060 2237 in
1093 2210 1146 2236 n:
1237 2194 1341 2241 334.
1373 2207 1493 2237 nunc
1514 2194 1889 2237 malimmoves
1911 2206 1988 2247 sp.

402 2254 576 2311 agita
606 2254 788 2302 salem
820 2253 1070 2303 adicias,
1103 2254 1149 2296 in
1240 2251 1990 2296 -muscumn.fortassemus-

403 2314 477 2358 ed.
507 2327 577 2369 pr.
622 2313 715 2357 sal
762 2313 1066 2357 adieceris
1110 2324 1146 2355 c.
1239 2325 1333 2363 cus,
1364 2312 1531 2366 μόσχος
1564 2317 1648 2363 est,
1682 2311 1756 2355 vel
1778 2324 1870 2354 nux
1894 2323 1990 2354 mo-

401 2373 542 2417 Hum:
584 2385 685 2416 cum
731 2385 815 2416 suo
871 2372 971 2416 cod.
1022 2370 1151 2414 dedit
1241 2370 1419 2417 schata.

401 2433 617 2488 agitas,
635 2432 759 2475 alia
782 2430 874 2475 die
898 2431 1007 2475 erit
1031 2442 1150 2473 can·
1330 2429 1391 2472 ad
1424 2430 1464 2472 8.
1514 2427 1728 2472 volebam
1752 2428 1863 2472 o‘lim
1897 2427 1987 2479 „ad

404 2491 614 2535 didum.
659 2489 713 2536 cf.
742 2489 920 2533 Pallad.
970 2491 1038 2540 11,
1081 2488 1149 2540 14,
1240 2501 1321 2533 vas
1339 2488 1572 2543 pendeas“
1592 2492 1643 2531 ut
1662 2487 1985 2543 ‚,appendeas“

401 2552 442 2594 9.
464 2551 530 2595 10.
564 2549 694 2594 Varr.
721 2549 767 2593 in
790 2549 997 2604 Geopon.
1020 2549 1059 2600 7,
1078 2549 1149 2592 21.
1240 2548 1339 2591 386.
1369 2560 1491 2591 nunc
1513 2545 1701 2590 confero
1721 2546 1895 2591 Colum.
1917 2547 1986 2597 12,

403 2608 682 2666 lagonam
722 2622 779 2653 ex
820 2612 851 2660 β
892 2612 940 2652 et
970 2607 1151 2663 aliquot
1239 2607 1296 2650 42
1329 2603 1405 2650 fin.
1440 2618 1551 2658 „vas
1586 2630 1639 2638 --
1672 2605 1767 2649 alte
1799 2617 1987 2659 suspen-

401 2668 531 2713 libris
573 2668 770 2713 Martial.
814 2668 856 2719 6,
900 2668 971 2718 89,
1006 2667 1046 2710 7.
1082 2667 1150 2716 13,
1244 2666 1383 2717 ditur,
1423 2678 1481 2709 ne
1523 2664 1748 2720 pallorem
1789 2663 1990 2714 trahat&

404 2729 502 2772 120.
541 2727 608 2782 14,
645 2728 743 2771 116.
776 2725 974 2770 Phaedr.
1010 2726 1049 2776 1,
1078 2725 1149 2768 26.
1244 2726 1314 2775 12,
1338 2724 1395 2767 46
1415 2719 1494 2768 fin.
1529 2722 1729 2779 f„rigido
1762 2722 1867 2766 loco
1894 2735 1993 2766 sus

403 2786 579 2831 Colum.
616 2788 685 2839 12,
712 2786 783 2838 47,
807 2787 847 2829 2.
882 2784 1151 2836 (Schneider
1240 2783 1481 2839 pendunt“
1486 2781 1993 2833 ‚HermanninSchnei-

401 2846 500 2891 Ind.
534 2859 622 2890 rer.
645 2846 691 2889 in
714 2840 934 2902 lagoena)
965 2857 1051 2899 pro
1075 2842 1149 2885 la·
1241 2842 1356 2887 dew.
1379 2840 1545 2885 Philol.
1566 2840 1736 2896 Vlup
1741 2841 1871 2884 .570.
1892 2841 1993 2883 571.

402 2917 626 2963 genam.
1329 2900 1391 2944 ad
1424 2901 1465 2943 9
1520 2899 1578 2944 de
1621 2899 1742 2943 callo
1785 2899 1847 2943 ad
1893 2900 1991 2942 259.

492 2965 554 3011 ad
588 2965 628 3010 7.
676 2961 993 3010 emendato
1026 2960 1148 3007 florr.
1239 2959 1485 3004 uncella
1529 2964 1701 3004 cocta
1741 2975 1777 3017 y.
1822 2958 1892 3004 ed.
1925 2971 1992 3016 pr.
