2098 3470
357 290 427 347 38
911 295 1010 342 Lib.
1043 297 1077 343 I.
1138 298 1386 356 Epimeles.

468 432 554 484 34.
614 431 1060 501 Hypotrima:
1119 435 1291 504 piper,
1344 435 1628 503 ligisticum
1645 477 1659 504 ,
1712 445 1944 494 mentam

354 503 580 573 aridam,
633 507 854 561 nucleos
905 507 1111 576 pineOS,
1161 526 1318 563 uvam
1376 526 1610 578 passam,
1672 514 1943 583 cariotam,

354 595 572 633 caseum
631 580 870 649 dulcem,
929 583 1058 650 mel,
1117 590 1351 651 acetum,
1404 585 1689 655 liquamen,
1747 588 1943 657 vinum,

353 653 543 720 oleum,
585 654 864 709 defrictum
903 661 994 708 aut
1033 657 1302 712 cariotum.

465 728 551 781 35.
595 727 993 798 Oxygarum
1020 731 1470 800 digestibile:
1511 734 1712 803 piperis
1738 752 1943 790 semun-

352 801 506 871 ciam,
546 803 631 856 sili
672 804 853 871 gallici
892 805 1153 873 scripulos
1192 807 1290 859 III.
1334 807 1658 861 cardamomi
1685 810 1945 878 scripulos

349 875 439 930 VI.
471 877 645 931 cimini
663 877 924 946 scripulos
950 879 1040 933 VI.
1063 879 1156 933 foli
1171 881 1457 950 scripulum
1486 883 1754 937 Lmentae
1768 884 1944 939 siccae

348 950 609 1020 scripulos
620 953 711 1005 VI.
728 956 884 1006 tunsa
900 952 1233 1021 cribrataque
1248 956 1407 1009 mellc
1425 956 1648 1025 colligiS,
1676 975 1793 1011 cum
1811 975 1944 1026 opus

347 1023 520 1092 fuerit,
542 1026 811 1092 liquamen
842 1031 894 1081 et
915 1032 1124 1081 acetum
1151 1029 1323 1084 addis.
1365 1030 1558 1084 Aliter:
1594 1032 1796 1101 piperis
1822 1049 1941 1087 unc.

346 1098 387 1153 I.
415 1100 729 1168 petrosilini,
761 1101 919 1168 carei,
948 1101 1160 1169 ligistici
1189 1120 1307 1157 unc.
1338 1103 1591 1171 singulas„
1612 1106 1771 1160 melle
1800 1107 1943 1160 colli-

348 1178 558 1243 guntur,
602 1191 720 1228 cum
756 1191 889 1243 opus
921 1175 1098 1245 fuerit,
1139 1176 1409 1244 liquamen
1438 1183 1491 1232 et
1516 1184 1726 1232 acetum
1754 1180 1940 1234 addes.

459 1249 547 1303 36.
609 1249 976 1302 Mortaria:
1042 1256 1292 1317 mentam,
1346 1256 1533 1319 rutam,
1590 1254 1942 1321 coriandrum,

347 1319 635 1376 feniculum
687 1322 866 1376 omnia
915 1323 1123 1392 viridia,
1176 1325 1460 1393 ligisticum
1499 1326 1671 1395 piper,
1719 1329 1843 1396 mel,
1884 1329 1943 1382 li-

346 1411 592 1462 quamen.
636 1400 681 1451 si
722 1413 856 1466 opus
894 1396 1067 1464 fuerit,
1108 1405 1315 1454 acetum
1356 1400 1543 1454 addeS.

1194 1578 1324 1617 σέσελι
1355 1576 1550 1631 γαλλικὸν
1592 1578 1820 1635 Hippiatr.
1857 1578 1944 1630 „Sil

1192 1637 1509 1681 massiliense“
1572 1638 1688 1682 Plin.
1749 1639 1820 1688 20,
1870 1638 1941 1682 36.

1195 1696 1614 1748 „massaliotioum“
1655 1697 1856 1742 Marcell.
1901 1699 1939 1741 1.

1192 1755 1270 1800 fol.
1305 1757 1377 1800 88.
1412 1769 1452 1799 a.
1486 1756 1556 1801 ed.
1590 1756 1702 1800 Ald.
1736 1757 1793 1801 sil
1814 1771 1942 1801 mon-

1191 1820 1349 1859 tanum
1382 1814 1501 1859 infra
1536 1816 1602 1859 75.
1637 1815 1778 1860 hodie
1803 1816 1941 1861 seseli

433 1573 495 1618 ad
526 1573 598 1619 34.
644 1575 952 1621 cariotum
1015 1590 1100 1622 em.

342 1646 427 1690 pro
445 1633 667 1678 librorum
688 1647 752 1679 ca
765 1635 852 1680 rio
867 1640 887 1679 t
904 1649 1000 1680 am.
1043 1635 1101 1681 cf.

348 1693 451 1738 277.
484 1694 586 1738 310.
621 1694 721 1738 385.
758 1699 830 1740 est
860 1696 1017 1741 nobile
1049 1696 1102 1741 il-

346 1752 428 1797 lud
461 1753 616 1798 vinum
648 1753 897 1809 palmeum,
938 1769 996 1800 ex
1028 1768 1102 1800 ca-

344 1812 498 1871 ryotis
526 1811 717 1865 factum,
751 1815 878 1870 quod
907 1815 1010 1860 dibs
1034 1815 1101 1859 di-

346 1877 469 1923 cunt,
505 1871 814 1930 dattelhonig.
865 1874 1000 1920 Hum.
1026 1875 1097 1920 ed.

345 1943 666 1977 caroenum.

429 1991 491 2035 ad
533 1992 604 2036 35.
670 1991 1099 2038 detestabilem

340 2054 389 2095 et
413 2050 900 2096 detestibilemin
919 2052 1100 2109 aliquot

343 2110 479 2155 codd.
503 2123 670 2162 „sucus
689 2111 998 2167 digestibilis“
1023 2125 1096 2167 ap.

344 2168 470 2214 Cael.
502 2168 618 2214 Aur.
655 2169 812 2215 chron.
848 2172 888 2222 1,
919 2171 960 2214 4.
1003 2171 1099 2224 ‚‚di=

340 2229 598 2281 gestor-ium
661 2229 950 2274 embamma“
1022 2243 1095 2286 ap.

342 2288 481 2332 Marc.
515 2288 647 2344 Emp.
683 2289 753 2332 20.
788 2287 957 2344 ἆγαθὸν
988 2290 1099 2346 πρὸς

341 2347 559 2403 εὔπεψίαν
612 2346 789 2393 Athen.
833 2349 874 2399 8,
918 2349 986 2392 56.
1036 2349 1098 2393 ad

340 2407 442 2451 232.
491 2406 549 2451 de
594 2420 764 2463 genere
811 2408 871 2452 ad
921 2408 991 2450 27.
1042 2433 1096 2439 -—

338 2479 585 2511 semunc.
632 2470 681 2510 et
722 2467 1003 2511 semiunc.
1037 2465 1097 2519 fet

338 2526 385 2569 in
418 2529 448 2576 β
493 2525 683 2569 simun
700 2538 737 2569 c.
781 2526 978 2570 variant.
1023 2525 1093 2569 46.

338 2583 465 2628 Iahn.
500 2583 607 2628 Var.
642 2585 771 2630 Lect.
801 2585 862 2629 ad
894 2585 1018 2630 Pers.
1053 2585 1094 2637 5,

341 2644 441 2686 121.
505 2642 739 2688 Hermann
791 2645 917 2689 Lect.
967 2645 1092 2689 Pers.

338 2702 419 2747 III.
451 2715 495 2758 p.
530 2702 602 2747 25.
627 2727 682 2734 —
706 2716 791 2759 pro
812 2701 927 2747 silf
934 2703 949 2746 i
978 2716 1092 2748 corr.

339 2760 459 2809 sili,
493 2763 571 2801 σίλι
611 2765 659 2807 et
694 2763 825 2802 σέσελι
855 2775 938 2806 seu
970 2765 1092 2802 σε’σε-

339 2821 410 2867 λις,
430 2820 675 2872 „seselium
692 2821 941 2878 gallicum·‘
974 2821 1092 2865 Plin.

340 2878 443 2923 Val.
500 2881 540 2932 1,
587 2880 656 2923 58.
709 2880 793 2931 „sil
839 2880 1092 2936 gallicum“

340 2936 507 2996 Veget.
542 2938 584 2993 5,
617 2939 689 2992 26,
721 2940 762 2984 3.
796 2939 841 2992 5,
872 2940 944 2993 39,
979 2940 1016 2983 1.
1051 2940 1091 2985 6.

1191 1879 1467 1925 tortuosum,
1500 1874 1835 1931 bergkiimmel.
1879 1875 1941 1919 ad

1190 1934 1409 1978 Nostrum
1452 1932 1566 1978 facit
1608 1934 1723 1978 Plin.
1764 1935 1835 1986 20,
1868 1936 1937 1979 37.

1192 1993 1414 2046 „multum
1447 1993 1491 2036 in
1514 2007 1690 2038 summo
1710 1993 1813 2038 cibo
1834 2007 1940 2038 con-

1192 2052 1481 2097 coctionibus
1515 2052 1695 2098 confert
1726 2054 1801 2098 vel
1824 2052 1939 2098 folio

1189 2112 1264 2156 vel
1296 2113 1513 2164 semine“,
1547 2113 1673 2169 quod
1702 2113 1940 2170 tordylion

1188 2175 1387 2216 vocatur
1433 2172 1507 2223 20,
1568 2172 1666 2215 238.
1718 2172 1789 2222 24,
1840 2172 1936 2216 177.

1188 2231 1344 2275 Diosc.
1364 2231 1406 2281 3,
1426 2231 1495 2274 56.
1529 2231 1684 2274 vinum
1706 2231 1814 2275 inde
1833 2244 1939 2275 con-

1189 2290 1336 2333 ditum
1386 2289 1629 2340 „silatum“
1679 2290 1811 2334 audit
1862 2302 1938 2344 ap.

1187 2348 1316 2392 Paul.
1350 2348 1474 2392 Fest.
1507 2362 1551 2404 p.
1577 2348 1676 2392 346.
1696 2349 1795 2393 347.
1831 2349 1937 2394 coll.

1187 2408 1342 2452 Diosc.
1377 2408 1419 2458 3,
1452 2407 1595 2451 53-
1632 2408 1938 2464 colligunt

1158 2472 1248 2511 ‘ut
1301 2465 1378 2510 vel
1426 2466 1733 2524 colligunt
1780 2472 1835 2512 et
1890 2468 1937 2511 in

1188 2526 1322 2571 codd.

1275 2584 1337 2628 ad
1353 2584 1423 2628 36.
1457 2584 1810 2628 Mortariaet
1831 2599 1935 2630 mo-

1185 2643 1422 2688 retaria
1455 2642 1590 2686 codd.
1619 2643 1835 2699 suppleto
1853 2657 1934 2688 no-

1184 2703 1305 2747 mine
1326 2702 1682 2758 ,‚condimenta“
1715 2707 1824 2745 sunt
1862 2716 1935 2747 res

1183 2761 1486 2811 necessariae,
1511 2760 1731 2815 imprimis
1748 2760 1933 2813 herbae,

1185 2833 1303 2877 quae
1334 2820 1381 2863 in
1423 2819 1644 2866 mortario
1678 2820 1935 2865 tunduntur

1184 2884 1233 2924 et
1273 2879 1335 2923 ad
1380 2878 1530 2922 cibum
1574 2878 1701 2922 illum
1748 2880 1821 2923 cui
1852 2894 1932 2925 no-

1183 2952 1287 2985 men
1348 2941 1577 2984 moretum
1640 2937 1930 2985 adhibentur.
