2098 3470
360 328 463 382 152

828 372 832 375 .
898 328 998 373 Lib.
1016 327 1115 373 VII.
1151 327 1387 374 Politeles.

468 462 592 516 308.
655 462 903 516 Melea:
944 462 1029 516 lac
1069 461 1297 530 acidum,
1348 463 1502 533 piper
1556 466 1607 517 et
1655 462 1939 529 liquamen,

352 536 471 590 mel.
514 536 647 605 sale,
688 537 805 590 oleo
848 542 900 590 et
940 537 1236 591 coriandi-0.

467 611 591 663 309.
654 611 911 664 Bulbos
945 611 1047 665 olei
1075 609 1380 677 liquamine,
1410 613 1580 662 acetO.
1609 608 1805 662 inferes
1831 626 1939 662 mo-

358 684 478 738 dico
522 684 712 739 cimino
754 684 1015 753 dispars0.

1093 685 1286 739 Aliter:
1331 684 1518 737 bulbos
1546 682 1740 749 fundis,
1768 700 1940 752 aequo

360 775 427 812 ex
467 775 609 825 aqua
648 776 863 826 0001100,
907 759 1102 813 deinde
1144 760 1262 812 oleo
1302 757 1468 825 frigis.
1510 758 1591 810 ius
1631 758 1706 811 010
1744 756 1940 813 faciest

357 833 558 901 timum,
599 833 849 903 puleium,
873 834 1043 904 piper,
1087 834 1380 901 origanum,
1422 832 1543 900 mel,
1586 836 1794 886 acetum
1834 848 1941 884 mo-

352 1025 454 1055 esse
472 1024 627 1066 posse,
646 1010 871 1067 spongiae
893 1011 1102 1062 similem,

349 1070 581 1122 inflatam,
643 1070 901 1114 tremulam.
972 1072 1104 1127 panis

353 1131 540 1187 quidam
573 1143 646 1185 ap.
681 1130 846 1174 Isidor.
881 1131 951 1182 20,
973 1132 1101 1182 2,16.

351 1190 551 1246 spongia
570 1189 751 1241 dicitur,
779 1190 904 1246 quod
922 1189 1104 1234 humec-

350 1249 543 1293 tationis
591 1248 695 1304 plus
728 1248 929 1304 accipiat
970 1262 1103 1305 quam

351 1309 498 1353 omnis
531 1308 680 1363 panis,
731 1308 1106 1361 „schwammicht

349 1367 495 1412 br0d“
532 1367 687 1411 adhuc
719 1368 917 1411 auditur.
963 1382 1104 1424 quan—

353 1428 413 1471 do
449 1427 538 1471 olei
570 1427 726 1482 portio
771 1439 917 1482 parva
948 1428 992 1471 in
1026 1440 1105 1482 pa-

351 1486 468 1530 tella
500 1486 628 1530 tenui
670 1486 770 1538 (sed
803 1487 957 1530 malim
995 1485 1105 1531 fic-

353 1546 517 1590 tilem
551 1558 607 1589 ex
625 1546 744 1598 268.)
770 1545 920 1596 bullit,
953 1558 1106 1590 massa

355 1619 412 1649 ex
446 1606 562 1655 ovis,
586 1604 722 1654 lacte,
757 1605 862 1649 oleo
888 1610 1105 1650 constans

354 1669 402 1709 et
436 1666 481 1708 in
510 1677 559 1708 se
579 1664 808 1708 dissoluta
841 1665 948 1708 etin
968 1678 1105 1708 unum

353 1724 544 1780 globum
594 1722 808 1767 confecta
855 1724 900 1767 in
949 1724 1102 1768 oleum

354 1783 552 1828 bulliens
585 1783 785 1826 mittitur
821 1787 868 1826 et
899 1783 958 1827 ab
991 1782 1104 1828 infe-

353 1843 474 1887 riore
517 1846 650 1898 parte
694 1842 939 1886 inassatur.
980 1843 1104 1899 quod

353 1902 433 1946 ubi
476 1900 665 1952 factum,
708 1902 753 1945 in
793 1901 969 1946 lancem
1004 1902 1105 1946 mit-

353 1962 478 2005 titur.
642 1973 846 2005 verses
905 1975 961 2005 ex
1007 1974 1103 2017 par.

356 2034 441 2076 pro
475 2024 688 2065 vertes.

441 2080 502 2123 ad
533 2080 634 2123 308.
669 2079 855 2124 melce
889 2084 936 2124 et
968 2080 1105 2124 mel-

355 2151 457 2183 000
489 2139 533 2182 in
553 2139 703 2183 indice
723 2139 963 2195 capitulor.
999 2139 1106 2184 mel

355 2199 425 2242 ed.
460 2212 527 2253 pr.
562 2198 646 2242 sed
674 2198 746 2242 ed.
766 2198 953 2242 mediol.
974 2199 1107 2242 omit-

353 2258 425 2301 tit.
461 2258 507 2300 in
539 2258 688 2301 lemm.
733 2258 844 2302 mel
879 2262 1107 2302 castum

355 2317 491 2361 codd.
526 2316 636 2360 mel
671 2330 909 2361 caseum
943 2317 1013 2361 ed.
1039 2330 1106 2372 pr.

354 2389 425 2420 ex
456 2376 634 2420 melle
668 2388 783 2420 corr.
819 2376 950 2419 Hum.
985 2390 1108 2420 men-

354 2435 415 2478 da
464 2435 675 2479 codicum
723 2434 831 2479 mel
880 2440 1110 2479 castum

354 2494 429 2538 vel
464 2507 697 2538 caseum
742 2499 794 2537 ut
827 2494 899 2538 ed.
932 2508 998 2550 pr.
1032 2508 1110 2549 pe-

354 2553 478 2609 perit
540 2566 633 2597 vox
694 2553 893 2597 librariis
948 2554 1111 2609 ignota

354 2612 545 2656 melce
587 2613 685 2656 sive
733 2613 938 2663 melca,
992 2625 1110 2668 quae

354 2684 547 2715 romana
590 2675 661 2716 est
705 2676 752 2716 et
784 2671 985 2715 edulium
1020 2671 1111 2715 lac-

355 2735 461 2774 tans
494 2731 591 2775 sive
624 2743 680 2774 ex
712 2731 834 2774 lacte
862 2727 1109 2786 significat,

356 2790 483 2846 quod
530 2788 626 2833 fere
685 2794 736 2833 ut
789 2790 995 2846 oxygala
1040 2787 1108 2840 fit,

356 2849 482 2904 apud
498 2849 736 2893 Romanos
756 2849 975 2892 usitatum
995 2853 1108 2900 erat,

355 2904 703 2951 fastidientibus
748 2913 795 2951 et
836 2912 1017 2952 aestate
1049 2908 1110 2951 ad

355 2966 722 3028 refrigerandum
772 2966 984 3012 dabatur.
1020 2966 1108 3012 Ga·

1195 1011 1282 1056 len.
1317 1010 1453 1055 meth.
1488 1011 1700 1055 medend.
1735 1011 1786 1054 T.
1821 1012 1860 1054 6.
1896 1025 1941 1067 p.

1195 1072 1294 1115 811.
1340 1071 1398 1115 de
1440 1070 1565 1114 bono
1609 1075 1657 1115 et
1692 1071 1815 1114 malo
1848 1084 1942 1115 suc.

1196 1132 1266 1174 21.
1300 1130 1429 1174 Paul.
1463 1129 1682 1186 Aeginet.
1716 1131 1757 1182 3,
1774 1131 1831 1174 37
1872 1130 1942 1174 cui

1200 1190 1321 1245 ὄψον
1352 1206 1390 1229 τι
1423 1187 1486 1229 διά
1531 1189 1735 1244 γάλακτος
1777 1190 1944 1234 dicitur

1197 1254 1244 1294 et
1275 1262 1491 1293 romanus
1536 1249 1678 1294 cibus.
1744 1250 1944 1294 Graeco-

1197 1323 1294 1353 rum
1329 1309 1508 1364 ὅξὺγαλα
1539 1308 1753 1360 habetur,
1786 1309 1859 1353 lac
1881 1309 1943 1352 10-

1195 1369 1314 1413 viter
1357 1368 1653 1424 coagulatum
1701 1374 1748 1413 et
1789 1368 1944 1413 acidu-

1195 1428 1304 1479 lum,
1351 1428 1709 1483 comparandum
1743 1427 1943 1472 fortasse

1197 1501 1299 1531 cum
1334 1488 1642 1542 ὅξυγαλακτίνῳ
1665 1491 1778 1545 τυρῷ
1812 1486 1943 1532 Aetii

1199 1548 1297 1597 1,2,
1316 1547 1386 1591 98.
1422 1546 1580 1590 Galen.
1616 1546 1702 1591 fac.
1737 1547 1941 1591 aliment.

1196 1608 1237 1657 3,
1287 1606 1354 1648 16.
1419 1611 1580 1650 nostro
1644 1607 1715 1651 cui
1775 1619 1943 1650 nomen

1197 1664 1503 1721 quar-kkaese‚
1535 1668 1690 1709 siisser
1720 1665 1835 1710 kaes
1861 1678 1943 1709 aus

1195 1723 1481 1768 Sauermilch.
1509 1723 1687 1780 ὃξύγαλα
1705 1723 1944 1778 ἡδυσμένων

1196 1788 1477 1828 memoratur
1518 1784 1564 1827 in
1606 1797 1752 1829 coena
1783 1785 1943 1828 Persa-

1196 1857 1294 1887 rum
1338 1856 1410 1898 ap.
1455 1844 1678 1901 Polyaen.
1722 1844 1764 1896 4,
1797 1845 1838 1895 3,
1872 1845 1943 1887 31.

1196 1903 1304 1947 inde
1346 1902 1440 1946 lac
1483 1903 1707 1947 acidum
1746 1903 1944 1953 restitui,

1198 1960 1254 2006 cf.
1288 1962 1403 2005 Plin.
1439 1962 1509 2013 28,
1544 1963 1641 2006 135.
1691 1963 1812 2007 Ctes.
1845 1962 1944 2006 Ind.

1198 2022 1268 2064 22.
1315 2021 1464 2065 Strab.
1502 2022 1541 2073 7,
1572 2022 1616 2073 4,
1648 2023 1688 2065 6.
1736 2022 1944 2077 Geopon.

1200 2081 1267 2133 18,
1302 2082 1372 2130 21,
1410 2083 1446 2124 l.
1491 2085 1539 2124 et
1581 2081 1688 2126 mel
1720 2094 1803 2137 pro
1836 2080 1942 2125 vel.

1199 2140 1433 2184 coriandri
1465 2153 1620 2185 semen
1637 2141 1711 2185 vel
1730 2140 1943 2184 viridium

1199 2200 1595 2243 condimentorum
1609 2199 1857 2244 fasciculos
1866 2199 1946 2243 ad-

1200 2258 1270 2302 dit
1302 2258 1476 2302 Colum.
1521 2259 1588 2309 12,
1622 2260 1662 2302 8.

1288 2318 1465 2361 ad309.
1500 2317 1720 2362 bulvos
1753 2321 1801 2361 et
1827 2317 1944 2361 vul-

1200 2389 1306 2420 vos
1332 2376 1467 2420 codd.
1487 2390 1544 2420 ex
1561 2378 1660 2420 313.
1690 2376 1814 2420 addo
1835 2377 1945 2432 pul-

1201 2448 1304 2479 vos
1362 2440 1409 2480 et
1466 2435 1683 2491 pulbos
1740 2436 1841 2480 181.
1889 2461 1943 2467 --

1203 2494 1323 2539 0101
1362 2494 1468 2550 liq.
1512 2495 1598 2538 nisi
1630 2495 1764 2538 malis
1797 2495 1944 2545 oleo,

1202 2554 1298 2609 liq.
1348 2554 1550 2609 explices
1598 2552 1825 2609 ἓλαιογάρῳ
1863 2567 1945 2598 seu

1201 2614 1416 2668 γαρελαίῳ.
1444 2638 1494 2642 -·
1530 2611 1753 2657 inferes
1787 2612 1943 2668 ed0p1'.

1201 2672 1255 2715 H.
1290 2685 1374 2727 pro
1408 2670 1686 2716 infere.-
1722 2672 1946 2726 disper-

1201 2744 1263 2774 so
1296 2734 1365 2785 βγ.
1401 2755 1454 2760 —
1499 2729 1702 2774 fundis
1743 2729 1945 2774 infundis

1201 2802 1315 2833 corr.
1350 2803 1433 2844 pro
1463 2789 1678 2833 tundis.
1713 2789 1780 2833 sic
1795 2793 1946 2833 tracta

1201 2852 1248 2892 et
1280 2847 1427 2891 fracta
1460 2847 1652 2892 confusa
1686 2849 1780 2891 176.
1824 2847 1945 2893 forte

1201 2906 1405 2951 findis.
1471 2905 1526 2950 cf.
1576 2907 1676 2950 316.
1742 2932 1796 2939 —
1859 2921 1944 2963 pro

1200 2980 1349 3024 aquo
1393 2966 1628 3018 codicum,
1676 2979 1825 3024 aqua
1872 2966 1943 3012 ed.
