2098 3470
633 306 735 350 Lib.
767 305 822 350 V.
888 305 1102 361 Ospreos.
1609 303 1709 354 111

123 448 248 495 vata
286 442 460 494 mittes
500 441 552 492 in
594 439 820 492 eundem
860 439 1077 506 pullum.
1133 454 1250 490 cum
1305 441 1489 492 coctus
1537 436 1710 502 fuerit,

126 518 291 582 levaS,
337 531 555 568 exossas
598 512 868 585 [concides
908 511 1205 563 minutatim
1259 527 1447 579 cepam
1489 516 1541 562 et
1581 510 1711 563 cori-

125 588 386 660 andrum],
429 589 572 641 colas
630 588 703 639 ibi
741 586 913 654 pisam
944 590 1167 651 coctam,
1208 600 1315 636 non
1345 584 1613 638 conditam
1642 617 1713 622 -—

124 663 361 731 accipies
401 663 710 729 angularem
753 691 819 697 ——
872 676 968 727 pro
1009 658 1167 710 modo
1222 675 1493 726 conpones
1547 658 1709 712 varie.

126 737 322 790 deinde
360 741 502 789 teres
542 736 711 803 piper,
755 733 1016 797 ciminum,
1060 731 1320 784 suffundis
1371 733 1454 784 ius
1508 731 1576 785 de
1616 748 1711 785 suo

126 811 241 877 sibi,
282 810 408 862 item
446 810 500 861 in
541 807 787 860 mortario
831 824 933 859 ova
973 806 1076 858 duo
1119 805 1382 872 dissolviS,
1423 811 1711 874 temperas,

129 883 227 955 [ius
268 883 335 936 de
377 899 471 935 suo
513 880 630 952 sibi]
673 881 931 934 suffundis
971 880 1123 948 pisae
1162 880 1371 947 integre
1401 880 1591 946 elixae,
1625 880 1713 933 vel

127 957 329 1010 nucleis
383 956 688 1022 adornabiS,
741 961 793 1007 et
841 956 983 1008 lento
1013 954 1125 1021 igni
1175 954 1387 1008 fervere
1438 953 1607 1007 facies
1661 958 1713 1007 et

123 1031 335 1084 inferes

240 1106 363 1158 207.
419 1103 586 1157 Aliter
642 1102 965 1157 concicla
1023 1100 1425 1154 inculcatus
1476 1101 1712 1169 pullus

125 1180 237 1232 vel
288 1178 677 1247 porcellus:
733 1176 1009 1230 exossabis
1048 1176 1267 1246 pullum,
1321 1191 1355 1227 a
1403 1180 1622 1246 pectore
1664 1180 1717 1229 et

125 1252 329 1307 femora
370 1252 481 1306 eius
520 1252 696 1319 iungis
736 1251 791 1304 in
829 1254 1146 1319 porrectum,
1188 1249 1398 1302 surculo
1440 1250 1633 1317 alligas
1663 1255 1714 1303 et

125 1328 402 1398 inpensam
457 1343 636 1395 paras,
692 1331 743 1379 et
792 1324 987 1378 farcies
1039 1323 1255 1377 alternis
1306 1323 1494 1391 pisam,
1560 1329 1714 1378 cocta

129 1402 412 1467 cerebella,
455 1401 725 1454 lucanicas
767 1404 820 1452 et
872 1404 1065 1452 cetera.
1119 1403 1260 1451 teres
1299 1397 1470 1466 piper,
1524 1398 1711 1466 ligisti-

127 1493 262 1542 cum,
326 1476 605 1541 origanum
659 1479 711 1527 et
763 1473 1026 1541 gingiber,
1092 1472 1361 1541 liquamen
1417 1471 1710 1539 suffundeS,

125 1549 248 1602 vino
290 1554 342 1603 et
382 1565 544 1618 passo
585 1548 927 1616 temperabis.
968 1547 1137 1600 facies
1178 1550 1233 1598 ut
1270 1545 1480 1599 ferveat
1520 1551 1712 1601 etcum

124 1623 392 1689 fervuerit,
434 1622 593 1675 mittis
633 1621 858 1675 modice.
913 1626 964 1675 et
1010 1621 1291 1689 inpensam
1333 1619 1614 1688 condieris,
1668 1620 1713 1674 si

127 1698 341 1752 alternis
379 1697 433 1749 in
472 1698 617 1765 pullo
660 1695 934 1766 conponis.
979 1700 1190 1748 omento
1230 1694 1369 1761 tegis
1399 1700 1450 1747 et
1474 1695 1527 1747 in
1556 1712 1709 1764 oper-

126 1773 243 1825 culo
286 1771 513 1840 deponis
555 1776 606 1824 et
643 1771 698 1823 in
735 1770 945 1823 furnum
984 1769 1162 1837 mittis,
1203 1773 1260 1821 ut
1299 1774 1554 1836 coquatur
1580 1785 1710 1838 pau-

122 1846 268 1899 latim
310 1851 362 1899 et
398 1844 613 1899 inferes,

124 1977 342 2023 elarem
389 1977 462 2023 vel
512 1976 866 2028 conclarem,

123 2038 256 2082 Hum‚
317 2051 373 2081 ex
430 2037 500 2080 ed.
552 2050 619 2092 pr.
670 2036 867 2081 conci-

123 2096 285 2141 clam.
334 2122 388 2128 —-
432 2110 536 2151 pro
570 2096 739 2140 modo
772 2109 867 2140 mo-

123 2156 224 2201 dice
267 2156 365 2199 207.
412 2156 470 2199 de
513 2169 596 2199 suo
640 2155 780 2199 modo
813 2167 868 2198 ac

121 2227 309 2260 numero
346 2217 383 2260 1.
428 2215 517 2259 ius
551 2214 619 2259 de
652 2228 755 2259 suo
787 2214 867 2258 si-

121 2275 178 2319 bi
224 2274 465 2330 pullinum.
521 2298 577 2305 —
634 2275 868 2330 integre

120 2333 270 2390 plene,
304 2334 487 2378 omnino
522 2347 635 2378 corr.
669 2347 754 2388 pro
788 2333 867 2376 in-

122 2399 347 2449 tegrae.
392 2419 446 2425 —
494 2405 594 2436 eam
638 2391 868 2448 coquendi

121 2453 346 2497 rationem
386 2466 458 2496 me
499 2466 591 2496 non
636 2452 770 2508 plene
802 2451 866 2494 in-

121 2510 343 2567 tellegere
360 2508 526 2555 fateor.
544 2510 727 2567 aliquot
745 2524 866 2555 men-

122 2570 182 2614 da
214 2571 358 2615 latere
393 2571 619 2614 videntur.

209 2630 270 2673 ad
302 2630 401 2673 207.
445 2643 529 2685 pro
565 2628 869 2673 concicla-

120 2693 212 2733 tus
243 2688 491 2745 legendum
539 2702 638 2733 csse
671 2688 869 2732 incul—

121 2753 288 2793 catus
336 2749 411 2792 vel
473 2748 869 2792 conculcatus

120 2808 148 2851 i.
171 2821 207 2852 e.
240 2806 436 2852 infartus
469 2808 647 2852 monuit
678 2807 869 2851 verbum

121 2867 299 2912 calcare
331 2867 400 2910 54.
436 2873 483 2911 et
513 2867 692 2911 Arnob.
729 2868 768 2919 7,
798 2866 867 2910 24.

125 2925 390 2983 „farcimina
410 2927 702 2971 comminutis
728 2926 869 2971 incul-

958 1981 1064 2020 cata
1095 1974 1434 2030 pulmonibus“.
1461 2000 1514 2006 —
1550 1987 1615 2019 ex
1630 1989 1710 2020 os-

958 2040 1126 2079 satus
1175 2032 1309 2079 codd.
1367 2035 1458 2078 iam
1508 2036 1711 2080 correxit

958 2095 1088 2138 Hum.
1113 2094 1190 2149 qui
1209 2093 1356 2138 edidit
1376 2094 1563 2138 aliter
1587 2107 1712 2138 con-

959 2153 1154 2198 chicla
1174 2151 1408 2197 farsilis
1433 2154 1563 2197 sive
1588 2167 1711 2198 con-

961 2212 1242 2257 ciclatus.
1305 2213 1350 2255 in
1408 2212 1543 2256 codd.
1603 2218 1713 2268 post

963 2273 1254 2327 „inpensam“
1331 2271 1423 2316 duo
1493 2273 1712 2328 marginis

958 2332 1102 2376 verba
1145 2336 1253 2375 sunt
1299 2330 1534 2384 „conciola
1580 2330 1712 2376 farsi-

958 2392 1058 2434 lis“.
1094 2416 1148 2422 -
1188 2404 1217 2434 a
1247 2396 1496 2446 pectore
1530 2392 1712 2446 aperies

959 2451 1060 2494 253.
1109 2475 1164 2481 -
1199 2450 1439 2494 surculo
1489 2450 1712 2507 alligas

957 2510 1109 2554 locum
1125 2508 1364 2553 habebunt
1386 2513 1496 2553 ante
1531 2523 1712 2563 „omen-

960 2573 1010 2613 to
1068 2568 1231 2624 tegis“.
1295 2593 1349 2599 -
1409 2569 1610 2625 iungis
1659 2568 1713 2613 in

959 2631 1301 2683 porrectum
1363 2629 1578 2684 porrigis,
1637 2641 1712 2673 ex-

961 2693 1142 2732 tensum
1175 2686 1380 2742 leporem
1399 2700 1591 2732 onerare
1607 2687 1710 2732 401.

960 2771 1015 2778 -—-
1077 2747 1270 2801 pisam
1332 2746 1539 2798 lotam,
1602 2759 1711 2792 cer.

961 2806 1096 2850 codd.
1142 2805 1251 2849 olim
1307 2819 1421 2850 corr.
1466 2810 1711 2860 coctam,

961 2865 1044 2910 sed
1092 2870 1228 2910 cocta
1290 2865 1520 2910 cerebella
1566 2864 1711 2911 habes

959 2925 1031 2969 41.
1069 2925 1166 2969 137.
1203 2924 1301 2969 166.
1344 2925 1440 2969 185.
1475 2925 1574 2970 372.
1609 2925 1711 2986 403,
