2098 3470
641 316 736 362 Lib.
762 317 864 366 Vll.
912 317 1150 364 PoliteleS.

1621 320 1723 373 133

249 457 370 511 260.
414 454 638 508 Vulvam
678 455 735 504 ut
772 459 964 508 tostam
1003 453 1197 507 facias:
1248 453 1301 503 in
1342 456 1596 507 cantabro
1649 455 1722 508 in·

135 534 290 586 volve
332 537 384 586 et
422 535 615 600 postea
652 530 706 583 in
745 531 967 584 muriam
1006 530 1154 584 mitte
1196 535 1248 584 et
1287 530 1363 584 sic
1404 547 1590 591 coque.

249 608 351 660 261
430 605 677 659 Sumen
730 606 916 670 elixas,
970 604 1038 658 de
1095 604 1280 658 cannis
1332 605 1553 671 surclaS,
1609 605 1723 658 sale

133 681 379 749 aspargis
419 684 471 734 et
507 679 560 732 in
598 679 806 732 furnum
845 678 1005 731 mittis
1042 679 1128 732 vel
1156 678 1208 730 in
1239 679 1563 745 craticulam,
1604 680 1724 732 sub-

133 771 301 809 assas,
351 759 493 807 teres
544 753 714 821 piper,
772 753 1074 820 ligisticum,
1129 753 1415 818 liquamen,
1469 770 1617 806 mero
1673 757 1726 806 et

132 845 313 898 passo,
367 828 541 881 amolo
584 828 792 895 obligas
833 831 885 880 et
924 843 1108 880 sumen
1157 826 1448 894 perfundis

244 903 367 956 262.
443 902 639 956 Sumen
702 901 947 969 plenum:
1007 901 1189 953 teritur
1247 900 1418 968 piper,

1491 916 1723 967 careum,

133 976 351 1031 echinus
381 976 567 1029 salsus,
612 975 880 1029 consuitur
921 979 973 1028 et
1011 974 1088 1028 sic
1129 974 1383 1042 coquitur.
1435 974 1724 1028 manducas

131 1055 213 1103 tur
252 1067 370 1104 cum
410 1050 598 1116 allece,
653 1048 856 1120 senapi.

221 1182 281 1227 ad
314 1182 415 1227 260.
448 1182 569 1227 idem
604 1182 798 1226 docetur
825 1181 883 1225 de

132 1247 294 1288 ventre
341 1242 441 1286 291.
505 1241 627 1286 unde
685 1240 883 1285 facias

131 1315 217 1359 pro
249 1301 452 1346 facies.
472 1300 516 1345 in
534 1314 625 1345 uno
643 1313 739 1356 par.
761 1313 884 1345 coo-

133 1367 250 1405 tam
296 1374 381 1416 pro
430 1364 652 1419 costam
701 1363 749 1404 et
794 1364 883 1404 to-

133 1425 299 1470 stam,
332 1420 398 1463 sic
429 1420 529 1463 291.
567 1421 798 1471 „tostum“
835 1422 884 1463 et

136 1482 302 1533 „rost.“
346 1483 396 1522 at
437 1478 538 1522 419.
581 1478 627 1521 in
670 1477 882 1522 omnibus

135 1539 228 1591 „sic
270 1537 413 1582 facies
460 1537 635 1593 sepiam
670 1539 878 1581 coctam“

130 1599 157 1642 i.
178 1611 215 1642 e.
252 1597 566 1641 coctivam.—
596 1597 652 1640 in
685 1608 882 1640 cacca-

130 1657 202 1701 bo
237 1656 308 1700 ed.
342 1669 409 1711 pr.
438 1655 786 1699 cantabrum
810 1659 882 1700 est

131 1714 277 1760 furfur
320 1714 463 1759 tritici
514 1714 588 1759 vel
627 1713 791 1758 hordei
834 1718 903 1767 et¹

130 1787 285 1819 massa
316 1773 422 1818 inde
454 1773 663 1824 subacta,
695 1777 747 1816 ut
769 1773 881 1818 alibi

130 1834 263 1890 panis
309 1833 416 1877 inde
464 1832 616 1877 factus
664 1832 879 1877 sordidus

133 1906 266 1949 quem
284 1893 426 1947 vulgo
441 1892 601 1936 dicunt
612 1890 878 1936 furfureum.

133 1950 408 1997 Gothofred.
441 1950 502 1994 ad
541 1950 698 1995 Codic.
728 1949 879 1995 Theo-

131 2010 230 2054 dos.
267 2011 318 2054 T.
353 2010 409 2054 V.
444 2024 488 2065 p.
532 2010 632 2053 272.
681 2009 878 2064 interpp.

130 2069 191 2113 ad
224 2069 348 2114 Cael.
381 2068 540 2112 Aurel.
575 2082 618 2123 p.
652 2068 750 2111 616.
785 2068 879 2112 Du-

130 2127 281 2173 fresne
325 2127 476 2172 Gloss.
522 2127 578 2170 II.
611 2140 658 2181 p·
692 2127 790 2170 108.
824 2153 877 2157 -

129 2188 282 2231 Lister
332 2186 479 2238 „idem
538 2184 634 2230 fere
680 2185 880 2241 intelligi

130 2246 270 2290 debet
303 2245 360 2289 de
389 2245 600 2289 coctione
625 2248 878 2289 ceterarum

131 2305 278 2348 carnis
321 2305 539 2360 porcinae
586 2304 786 2359 partium
833 2303 879 2347 in

128 2363 218 2407 hoc
280 2364 433 2418 capite
503 2367 877 2414 memoratarum,

129 2434 247 2477 quae
279 2421 457 2466 scilicet
497 2422 650 2465 omnia
682 2421 877 2476 primum

127 2478 301 2524 furfure
344 2479 405 2523 ad
446 2481 698 2524 tostionem
729 2479 877 2524 invol-

127 2538 280 2583 venda
312 2543 360 2582 et
391 2542 500 2593 post
542 2538 795 2582 tostionem
830 2538 878 2582 in

127 2597 317 2641 muriam
350 2597 580 2641 mittenda
613 2601 660 2641 et
692 2610 794 2641 cum
810 2597 878 2640 sic

127 2656 242 2700 satis
275 2655 419 2700 salem
442 2655 644 2700 biberint
678 2668 876 2711 coquen-

126 2714 186 2758 da
207 2719 327 2758 sunt.
359 2715 427 2758 ita
445 2714 627 2758 demum
650 2714 876 2758 salubrio-

126 2786 199 2817 res
248 2786 408 2817 carnes
454 2769 571 2817 fiunt
614 2773 876 2825 condimen-

126 2832 280 2888 tisque
323 2833 417 2876 suis
450 2833 563 2876 satis
595 2836 876 2887 praeparata

127 2890 188 2934 ad
220 2891 501 2945 sapidiorem
533 2894 763 2947 gustum“.

214 2950 276 2994 ad
294 2950 391 2995 261.
427 2962 623 2995 sumen
656 2949 750 2994 suis
777 2948 874 2995 foe-

975 1183 1052 1225 tae
1100 1193 1135 1224 s.
1185 1193 1355 1234 porcae
1402 1191 1600 1224 mamma
1646 1178 1727 1223 ubi

974 1239 1047 1284 lac
1075 1239 1338 1284 continetur
1364 1239 1579 1295 undeque
1602 1239 1726 1295 sugi-

974 1303 1063 1350 tur,
1108 1298 1263 1353 οὖθαρ,
1307 1298 1598 1354 ὑπογάστριον
1644 1311 1728 1343 seu

976 1356 1319 1412 ὗπογαστρίὸιον,
1352 1358 1584 1402 suminata
1617 1370 1725 1402 caro

973 1415 1152 1461 Arnob.
1174 1418 1213 1468 2,
1236 1417 1307 1460 42.
1342 1418 1387 1460 in
1421 1416 1629 1472 cupediis
1645 1416 1725 1460 ha-

953 1476 1304 1521 ¹bebatur'134.
1341 1476 1437 1520 135.
1486 1477 1618 1520 Mart.
1655 1476 1725 1528 13,

972 1535 1042 1578 44.
1077 1536 1193 1578 Plin.
1215 1537 1284 1587 11,
1304 1536 1403 1579 211.
1433 1537 1615 1580 occisae
1633 1548 1725 1580 uno

974 1594 1049 1638 die
1096 1599 1206 1650 post
1251 1599 1436 1650 partum
1485 1599 1725 1650 optumum

972 1666 1073 1697 esse
1106 1653 1260 1698 refert.
1307 1653 1362 1697 cf.
1397 1654 1631 1698 Hermann
1664 1653 1727 1697 ad

970 1713 1080 1756 Luc.
1114 1712 1172 1757 de
1206 1726 1379 1757 consor.
1419 1712 1524 1757 hist.
1560 1713 1629 1756 56.
1676 1726 1723 1768 p.

971 1772 1060 1815 328
1099 1784 1229 1827 seqq.
1274 1797 1327 1803 —-
1372 1784 1542 1816 cannas
1583 1773 1722 1815 inter-

971 1835 1214 1886 pretantur
1269 1831 1483 1886 papillas,
1540 1827 1723 1875 fistulas

970 1903 1053 1944 per
1086 1902 1199 1944 quas
1232 1890 1306 1934 lac
1323 1890 1487 1942 effluit,
1522 1890 1649 1946 quod
1665 1903 1723 1935 ne

970 1944 1068 2000 fiat,
1116 1949 1300 1993 surculo
1334 1947 1636 2006 configendas
1675 1953 1724 1994 et

971 2008 1315 2052 concludendas
1349 2021 1464 2060 esse,
1503 2022 1592 2063 ego
1625 2021 1722 2052 sur-

971 2067 1099 2111 culos
1148 2068 1381 2111 cannicios
1428 2081 1461 2111 s.
1505 2080 1721 2118 canneos,

970 2126 1207 2170 lanceolas
1235 2125 1385 2170 factas
1414 2141 1470 2170 ex
1497 2126 1721 2171 arundine

971 2185 1148 2229 donace
1195 2186 1292 2228 Lin.
1353 2186 1516 2230 eadem
1575 2197 1723 2229 canna

971 2244 1115 2288 utitur
1148 2258 1323 2300 coquus
1341 2244 1440 2289 264.
1459 2269 1516 2276 -
1545 2244 1603 2289 de
1621 2257 1722 2289 ver-

969 2302 1031 2346 bo
1075 2303 1277 2347 surclare
1322 2304 1417 2347 183,
1461 2304 1561 2347 268.
1610 2303 1721 2347 olim

971 2362 1146 2406 conieci
1180 2362 1514 2406 decusatim
1545 2375 1600 2405 ex
1619 2362 1718 2406 265.

970 2445 1024 2452 —
1057 2422 1266 2476 gratio.
1311 2425 1363 2464 ut
1395 2421 1497 2465 264.
1531 2422 1630 2464 266.
1674 2421 1721 2464 in

969 2478 1150 2535 aliquot
1181 2479 1312 2524 libris
1345 2493 1402 2524 ex
1433 2493 1561 2524 more
1593 2484 1720 2523 aeta—

968 2537 1029 2581 tis
1071 2538 1253 2583 mediae
1299 2551 1418 2594 quae
1459 2538 1567 2583 inde
1608 2538 1721 2582 fecit

968 2596 1131 2652 grella‚
1174 2597 1353 2653 grassIe,
1396 2597 1531 2653 grille
1571 2597 1718 2652 (Diez.

967 2656 1075 2699 Lex.
1121 2655 1163 2699 d.
1208 2670 1323 2700 rom.
1364 2669 1456 2712 spr.
1494 2657 1540 2700 in
1572 2656 1720 2712 grada

968 2727 1011 2769 p.
1049 2714 1165 2767 180).
1502 2738 1509 2745 ·

1057 2773 1118 2816 ad
1141 2774 1240 2816 262.
1275 2772 1515 2828 plenum
1548 2771 1719 2818 fartum

968 2836 1016 2875 et
1034 2831 1339 2876 condimentis
1357 2832 1612 2887 impletum,
1625 2846 1718 2876 non

970 2891 1194 2943 „nudum“
1230 2891 1455 2934 Martialis
1475 2891 1544 2941 13,
1562 2890 1632 2934 44.
1652 2892 1719 2935 sic

967 2950 1086 2994 enim
1137 2949 1389 3006 legendum*
1433 2963 1518 3005 pro
1580 2964 1716 3003 „non-
