2098 3470
831 306 1083 352 Praefatio.
1682 307 1708 359 1
1717 308 1749 360 9

160 442 378 512 „pleant
418 446 470 495 et
508 458 645 509 quae
684 441 855 493 minus
906 442 1044 494 bene
1097 458 1130 493 a
1183 440 1334 493 nobis
1383 444 1503 493 sunt
1554 439 1750 494 tradita

157 530 402 598 „fidelius
441 533 727 599 praestent,
781 532 877 582 nos
928 529 1133 581 interim
1198 518 1387 596 Apicio
1436 528 1603 581 hocce
1653 545 1747 580 110-

157 624 319 686 ,‚st1·0‚
370 619 457 685 qui
495 618 637 688 prius
678 617 1018 670 multifariam
1058 622 1110 670 et
1166 615 1475 684 prodigiose
1533 617 1745 670 saucius

157 711 310 773 „erat
337 711 388 759 et
412 708 638 773 lacerus,
678 723 819 759 nunc
846 710 1021 758 autem
1057 721 1222 773 opera
1254 708 1435 757 nostra
1469 704 1740 772 qualicun-

156 811 296 862 „que
326 798 377 847 et
404 800 655 861 quantum
693 795 840 848 licuit
877 794 1170 847 medicatus
1212 798 1264 846 et
1301 792 1530 846 refartus
1569 793 1745 861 splen-

155 882 399 948 „didiore
427 883 608 936 habitu
634 883 947 950 ingreditur,
990 883 1056 935 ob
1085 882 1267 935 oculos
1297 881 1470 949 posito
1513 882 1748 935 contenti

157 972 571 1038 ,‚0bleotemur“.
613 988 719 1024 non
750 971 1089 1040 improbitate
1116 972 1363 1042 peccavit
1403 976 1454 1025 et
1500 972 1742 1025 volunta'-

154 1066 260 1113 tem
300 1060 481 1114 habuit
520 1060 590 1114 ad
628 1061 874 1130 Apicium
915 1059 1306 1114 emendandum
1342 1066 1393 1114 et
1424 1060 1478 1113 in
1506 1061 1638 1114 locis
1670 1060 1748 1115 fa-

156 1149 421 1205 cilioribus
453 1149 732 1217 aliquoties
765 1165 949 1204 verum
971 1149 1238 1204 invenisse
1264 1150 1392 1204 haut
1417 1151 1743 1219 negaverim.

267 1238 357 1293 Sic
404 1239 458 1292 in
512 1255 672 1292 manu
712 1238 915 1294 habens
958 1239 1244 1294 editionem
1283 1239 1599 1309 principem,
1655 1239 1745 1294 hu-

154 1328 572 1396 melbergianam
614 1333 665 1382 et
702 1328 1043 1396 listerianam‚
1101 1345 1238 1398 quae
1277 1345 1373 1396 pro
1414 1345 1519 1382 una
1558 1328 1746 1383 haberi

156 1422 379 1487 possunt
418 1433 535 1470 cum
574 1418 783 1469 nonnisi
834 1418 888 1470 in
928 1418 1158 1471 minutiis
1199 1418 1514 1472 dissentiant
1560 1448 1618 1457 -
1663 1435 1745 1472 re-

154 1508 326 1574 liquas
366 1506 574 1560 silentio
615 1524 797 1577 premo
826 1538 892 1545 —-
937 1512 989 1561 et
1027 1512 1242 1578 praeter
1280 1507 1359 1561 Te
1398 1508 1555 1561 mutis
1581 1509 1746 1576 magi-

156 1596 275 1650 stris
326 1595 509 1649 similis
557 1596 851 1663 argumenti
904 1614 1011 1649 non
1064 1596 1233 1650 obiter
1286 1601 1454 1664 utens,
1507 1597 1746 1668 inprimis

156 1685 421 1738 veteribus
461 1684 698 1752 medicis,
740 1685 958 1755 Apicius
999 1685 1139 1739 euim
1181 1703 1247 1739 ex
1280 1686 1584 1755 praeceptis
1618 1686 1745 1740 artis

157 1774 399 1827 medicae
440 1774 634 1841 coquit,
676 1774 817 1841 quod
859 1779 1043 1844 aperte
1084 1773 1283 1828 dictum
1310 1774 1477 1828 habes
1506 1792 1741 1846 compos,

159 1863 244 1916 529.
287 1864 369 1916 62.
417 1864 503 1916 63.
548 1863 617 1916 65
684 1864 802 1917 102.
854 1864 970 1916 103.
1016 1852 1446 1917 104.105.443.
1493 1869 1544 1917 et
1582 1864 1745 1931 signi-

157 1950 281 2004 ficat
319 1968 615 2021 oxyporum
656 1953 741 2005 33.
798 1953 912 2005 olus
953 1952 1110 2005 molle
1152 1954 1237 2006 97.
1283 1958 1495 2024 praeter
1534 1953 1641 2006 alia
1682 1953 1750 2008 de

160 2039 347 2108 quibus
398 2041 452 2092 111
503 2041 694 2092 notulis
746 2041 1016 2108 monitum,
1073 2046 1126 2094 et
1164 2041 1406 2094 additum
1445 2041 1655 2110 pondus
1697 2042 1751 2095 in

159 2127 333 2180 multis
374 2128 741 2196 condimentiS,
783 2129 1120 2183 severissime
1158 2134 1209 2182 et
1236 2130 1641 2198 diligentissime
1668 2131 1754 2184 isti

159 2215 236 2268 rei
278 2216 564 2270 culinariae
607 2235 825 2285 operam
867 2217 1010 2285 decli,
1054 2217 1151 2271 sed
1179 2218 1269 2271 diu
1296 2217 1582 2273 meditatus
1615 2237 1755 2273 com-

161 2309 424 2357 mentatus
479 2322 597 2359 cum
649 2324 846 2374 magno
899 2324 1018 2360 meo
1070 2306 1256 2360 dolore
1296 2308 1439 2361 sensi
1485 2308 1759 2362 codicibus

163 2401 429 2460 carentem
481 2394 610 2447 nihil
656 2395 839 2449 iuvare
897 2395 1151 2449 laborem.
1210 2395 1457 2450 demissis
1511 2398 1760 2452 auriculis

161 2498 258 2549 per
296 2482 597 2536 vastitatem
638 2483 841 2537 eiulans
880 2483 1229 2554 hominesque
1278 2485 1524 2555 deosque
1574 2487 1761 2557 implo-

161 2586 285 2622 rans
325 2571 392 2623 ab
432 2571 641 2624 Halmio
681 2576 860 2625 nostro
898 2572 1090 2626 certior
1128 2590 1243 2627 sum
1284 2574 1474 2642 factus,
1517 2575 1757 2629 Wueste-

163 2675 411 2712 mannum
464 2659 663 2713 dudum
715 2661 842 2714 mihi
891 2662 1118 2715 amicum
1166 2680 1275 2716 non
1328 2663 1443 2718 sine
1485 2663 1760 2718 codicibus

163 2763 221 2800 se
263 2765 515 2803 exercere
553 2750 607 2802 in
648 2750 838 2819 Apicio
867 2751 1179 2805 retexendo.
1221 2752 1459 2805 nuntium
1488 2753 1762 2807 confirma·

164 2835 239 2887 vit
280 2837 451 2905 prima
492 2838 720 2907 epistola
757 2849 988 2909 moxque
1039 2840 1157 2911 pari
1202 2840 1328 2908 iugo
1370 2858 1580 2895 mecum
1620 2842 1766 2895 nisus

169 2930 248 2978 est
300 2931 350 2979 et
402 2928 487 2981 lac
541 2928 897 2995 gallinaceum
953 2930 1166 3002 speravi
1208 2946 1326 2984 eum
1376 2948 1482 2984 11011
1520 2930 1769 2985 ficulnum
