2098 3470
843 295 1095 351 Praefatio.
1687 305 1754 360 21

169 444 375 509 tergum
430 439 569 494 dedi.
625 444 681 492 ut
730 438 954 508 primum
996 454 1184 493 carnes
1224 438 1503 505 affuerunt,
1555 438 1757 493 taricho

169 547 277 584 non
318 534 595 583 contentus
645 527 720 581 fui
771 532 824 581 et
877 544 995 581 cum
1047 532 1262 598 praesto
1318 532 1459 582 esset
1495 527 1598 595 via,
1650 544 1758 581 non

168 617 541 686 requirendam
579 616 821 670 semitam
862 616 1061 685 putavi.

279 708 418 761 Dum
458 707 592 759 alter
633 704 895 774 Sisyphus
930 705 1117 757 molior
1147 710 1198 758 et
1223 705 1445 759 naenias
1472 705 1594 759 Tibi
1622 723 1757 760 cano

169 796 312 863 quod
352 794 638 848 adhuc'ad
677 793 902 847 fractam
942 793 1009 846 sit
1050 793 1348 848 canendum
1403 799 1454 848 et
1500 794 1601 848 nisi
1640 795 1759 850 aliis

167 886 314 939 libris
366 883 576 937 adiutus
629 899 853 954 pensum
905 883 1184 936 absolvere
1223 900 1330 935 non
1371 883 1651 951 confidam,
1705 883 1760 938 in

164 973 415 1042 frigidum
470 973 679 1026 furnum
730 988 836 1025 non
887 971 1079 1025 immisi
1129 988 1299 1040 panes
1354 976 1406 1026 et
1446 977 1629 1026 contra
1670 989 1759 1026 ex-

164 1063 549 1134 spectationem
595 1066 808 1116 beatum
861 1078 945 1114 me
998 1060 1277 1115 reddidisti
1316 1077 1503 1129 parum
1545 1062 1762 1129 cognita.

163 1152 255 1206 illa
296 1156 550 1223 excerpta
590 1150 839 1220 apiciana
876 1151 1146 1219 praebens
1175 1166 1312 1219 quae
1339 1166 1437 1221 per
1475 1150 1645 1203 virum
1683 1151 1762 1206 rei

163 1243 390 1312 peritum
418 1241 635 1296 Parisiis
663 1241 893 1296 describi
917 1239 1104 1294 fecisti.
1139 1239 1183 1293 si
1212 1255 1453 1292 nummos
1486 1238 1759 1308 haberem,

166 1349 384 1385 aureum
423 1333 502 1386 Te
541 1348 815 1400 ponerem,
857 1334 912 1383 at
949 1329 1079 1382 nihil
1118 1328 1291 1382 habeo
1332 1327 1435 1381 nisi
1473 1329 1639 1382 verba
1662 1345 1760 1397 pro

163 1419 350 1474 farina.
396 1419 607 1487 gaudeo
659 1419 878 1472 mirifice
931 1418 1073 1487 quod
1123 1417 1250 1470 data
1292 1422 1372 1470 est
1409 1417 1563 1471 nobis
1605 1433 1758 1471 occa-

166 1510 423 1576 siuncula,
458 1514 521 1561 ut
560 1508 628 1562 de
671 1508 1035 1562 communibus
1075 1506 1263 1560 studiis
1303 1506 1503 1574 aliquid
1542 1524 1640 1575 per
1677 1507 1757 1560 lit-

166 1603 308 1652 teras
349 1598 729 1666 colloquamur,
771 1597 847 1651 sic
890 1596 1036 1651 enim*
1068 1595 1184 1649 fore
1224 1612 1383 1666 spero
1423 1600 1480 1647 ut
1518 1613 1667 1649 amor
1704 1596 1759 1648 in

168 1686 464 1741 doctrinam
504 1687 674 1738 Tuam
714 1703 861 1739 meus
910 1685 1196 1738 amicitiam
1234 1685 1369 1737 inter
1408 1701 1506 1738 nos
1548 1684 1756 1739 conflet.

164 1775 219 1829 id
260 1776 530 1843 singulare
584 1780 635 1829 et
680 1791 806 1828 vere
853 1775 1065 1827 unicum
1106 1775 1417 1843 opusculum
1455 1774 1758 1828 inscribitur

160 1865 371 1934 Apici
424 1870 761 1933 excerpta
813 1881 845 1916 a
893 1863 1263 1916 Vinidario
1317 1864 1467 1916 viro
1508 1863 1754 1915 intitu-

166 1954 312 2007 lato
355 1954 432 2025 (in
474 1954 592 2007 cod.
633 1954 737 2006 vir
774 1951 976 2024 intut)
1031 1958 1083 2006 et
1130 1952 1393 2023 particula
1433 1957 1513 2005 est
1552 1952 1755 2006 codicis

169 2042 488 2096 Salmasiani
522 2043 680 2113 (Bibl.
710 2042 877 2095 Paris,
910 2043 1182 2111 Supplem.
1212 2043 1327 2095 Lat.
1358 2040 1508 2113 685.)
1544 2042 1756 2113 septimi

164 2131 330 2185 ferme
370 2132 552 2199 seculi,
594 2132 904 2186 charactere
942 2131 1315 2197 vetustissim0‚
1369 2131 1534 2184 literis
1575 2130 1753 2184 uncia-

161 2220 299 2273 libus
340 2220 592 2288 descripti
633 2220 727 2290 (de
770 2237 832 2273 eo
874 2220 1002 2273 satis
1044 2220 1176 2273 dixit
1217 2220 1371 2288 Sillig
1409 2219 1640 2274 Praefat.
1682 2219 1754 2274 ad

160 2309 294 2362 Plin.
336 2310 439 2362 vol.
470 2310 532 2362 V.
572 2326 625 2378 p.
654 2309 1053 2380 XV—XXII.).
1135 2309 1429 2362 Salmasius
1479 2309 1535 2360 in
1586 2309 1752 2362 Exer-

166 2397 500 2451 citationibus
548 2398 804 2450 Plinianis
859 2415 923 2466 ea
976 2403 1231 2466 excerpta
1269 2402 1492 2466 usurpat
1541 2415 1593 2466 p.
1627 2398 1748 2451 161.

163 2486 286 2539 255.
328 2485 451 2538 256.
494 2487 616 2538 261.
661 2487 784 2539 358.
827 2487 952 2540 425.
996 2488 1119 2540 720.
1157 2487 1279 2540 740.
1312 2487 1435 2540 750.
1469 2486 1592 2539 753.
1624 2487 1748 2538 823.

159 2575 282 2628 900.
326 2574 449 2628 edit.
493 2575 637 2643 Traj.
680 2575 751 2627 ad
791 2576 1085 2646 Lampridii
1116 2576 1268 2629 Alex.
1307 2576 1429 2628 SeV.
1463 2576 1549 2628 37.
1593 2573 1748 2642 Capi-

153 2664 242 2716 tol.
284 2665 404 2716 Ant.
446 2663 523 2716 Pi.
568 2665 616 2715 9.
658 2664 864 2715 titulum
905 2665 1155 2732 sequitur.

269 2752 395 2821 „De
436 2752 651 2805 siccis
691 2752 833 2805 hoc.
894 2753 1109 2806 Lasaris
1148 2752 1374 2805 radices.
1414 2754 1609 2805 menta.
1651 2769 1744 2806 ne-

153 2845 332 2908 ,‚peta.
375 2841 559 2893 salvia.
603 2845 911 2909 cuppresSU.
956 2841 1196 2909 origanu.
1240 2841 1566 2910 zyniperum.
1611 2858 1748 2910 cepa

153 2928 441 2997 7,gentima
472 2932 632 2982 bacas
660 2929 840 2982 timmi.
875 2930 1227 2983 coriandrum.
1270 2930 1485 2999 piretrU.
1529 2930 1643 2983 citri
1668 2929 1745 2983 fa-
