2098 3470
675 327 776 372 Lib.
808 326 864 371 H.
928 327 1189 382 Sarcoptes.
1651 325 1720 378 47

134 463 274 515 diam
312 461 557 527 infusam,
597 466 758 525 teresi,
792 457 962 511 addes
995 458 1350 524 liquamen.et
1383 475 1602 527 passum
1635 458 1722 510 vel

135 536 427 589 defrictum.
471 535 645 586 omnia
682 534 874 585 misces
917 539 966 585 ct
1007 549 1124 584 cum
1162 531 1325 584 isiciis
1364 530 1578 585 inferes

244 610 329 661 53.
371 607 838 676 Apoderinum
879 605 954 658 sic
994 605 1192 658 facies:
1249 605 1388 657 alica
1429 606 1587 671 elixa,
1628 621 1721 657 nu-

134 683 261 736 cleis
315 688 367 735 et
404 681 688 748 amigdalis
742 679 1023 748 depellatis
1077 685 1129 731 et
1166 680 1222 731 in
1261 695 1401 744 aqua
1440 679 1626 732 infusis
1669 683 1721 731 et

132 756 252 808 lotis
306 773 373 808 ex
421 761 567 808 creta
605 754 924 820 argentaria,
978 758 1034 812 ut
1073 752 1144 805 ad
1191 753 1480 806 candorem
1521 753 1723 821 pariter

131 886 439 943 praeparandi
481 890 612 931 erant
643 891 694 930 ut
725 885 876 930 nuclei

133 951 180 990 et
210 946 461 1003 amygdala
491 950 527 999 ξ.
562 946 632 989 53.
675 943 729 988 cf.
766 945 875 989 Ber-

132 1005 235 1062 gius
281 1006 436 1052 Ueber
483 1006 524 1049 d.
575 1003 787 1049 leckerei.
838 1006 875 1048 1.

131 1077 176 1120 p.
209 1066 398 1108 52—55.
433 1065 497 1109 de
530 1064 719 1119 pullis
754 1063 878 1107 codi-

134 1136 234 1168 cum
268 1124 343 1169 vel
376 1130 446 1168 est
468 1124 578 1179 dep
593 1123 727 1167 ullis
747 1123 879 1167 verbi

134 1182 284 1228 adhuc
300 1183 525 1239 incogniti
547 1182 772 1236 depullire
797 1195 879 1226 scu

134 1243 388 1298 depullare,
406 1242 533 1298 pullo
545 1242 700 1286 colore
721 1242 877 1286 demto

134 1302 195 1346 ad
216 1301 461 1346 candorem
484 1301 748 1357 perducere,
772 1300 878 1341 ἄπο-

135 1362 370 1411 mambrem,
401 1361 678 1410 ἇποπελιοῦν,
704 1360 775 1404 vel
794 1360 879 1404 de·

133 1420 319 1476 pallis
352 1421 379 1463 i.
399 1434 437 1464 e.
472 1420 677 1475 pallium,
710 1420 879 1475 pellem

134 1479 352 1530 detrahis,
411 1480 537 1534 cuius
598 1480 726 1523 verbi
773 1479 877 1522 loco

132 1537 329 1593 Apicius
362 1539 432 1581 53.
468 1543 515 1582 et
557 1539 645 1582 229
690 1537 876 1593 „depel-

133 1596 272 1649 lare“,
319 1599 415 1642 Lex
456 1597 609 1641 Salica
653 1597 878 1649 „excorti-

134 1662 284 1708 care·‘,
331 1656 567 1701 Palladius
608 1659 649 1708 2,
695 1657 762 1708 15,
809 1658 875 1699 12.

134 1716 476 1768 „decorticare“
519 1730 627 1760 usus
670 1721 755 1765 est,
803 1715 878 1760 vel

134 1776 257 1831 quod
289 1775 673 1830 simplicissimum
710 1775 739 1819 d
754 1788 876 1830 epo-

132 1835 221 1879 lis.
255 1839 541 1891 quantopere
568 1835 767 1878 medium
800 1847 876 1878 ac-

132 1907 239 1938 vum
270 1900 492 1950 sequente
515 1894 719 1949 inprimis
744 1894 877 1938 litera

132 1953 148 1996 1
180 1954 404 1996 amaverit
435 1967 464 1996 u
483 1967 567 2009 pro
590 1967 632 2003 o,
666 1953 876 2008 exemplo

134 2012 225 2055 sint
267 2012 481 2067 epistula,
522 2012 726 2063 culiclus,
766 2013 878 2055 adu-

134 2070 324 2122 lescens,
357 2071 413 2114 al.
450 2069 507 2114 cf.
538 2078 653 2115 nota
683 2084 785 2116 mea
816 2071 878 2114 ad

137 2130 309 2185 Gargil.
343 2143 435 2173 cur.
468 2131 608 2174 boum
632 2135 667 2183 ξ,
691 2132 755 2174 17.
791 2143 877 2174 ex-

133 2189 233 2233 bro
249 2201 362 2232 mas
395 2190 596 2244 optimus
619 2190 829 2234 codicum
848 2193 879 2239 β

134 2249 352 2300 servavit,
410 2249 576 2304 reliqui
623 2250 721 2292 216.
773 2248 878 2293 cod.

134 2307 314 2351 salmas.
350 2308 449 2351 270.
474 2309 590 2352 esti.
610 2322 653 2364 q.
676 2308 875 2351 molesto

136 2367 278 2411 odore
340 2367 555 2422 depuras,
615 2367 690 2411 fac
752 2367 878 2411 virus

136 2426 324 2481 (βρόμον
339 2439 420 2470 seu
437 2427 633 2482 βρῶμον)
652 2431 880 2482 exspuant

136 2490 184 2529 et
245 2485 473 2529 amittant.
533 2511 585 2515 -—
643 2486 878 2530 adicies

136 2543 232 2588 scil.
266 2544 311 2586 in
343 2544 626 2596 mortarium,
659 2559 774 2589 corr.
791 2558 877 2600 pro

136 2602 343 2654 addes,
393 2608 445 2647 ut
496 2617 595 2647 mos
642 2604 879 2658 apiciahus

137 2667 398 2706 servaretur
439 2663 511 2706 41.
547 2664 614 2706 67.
653 2664 749 2706 151.
784 2664 883 2707 238.

137 2721 238 2764 267.
270 2722 367 2765 369.
402 2723 502 2766 381.
539 2722 637 2766 185.
666 2723 881 2765 186.117.

140 2780 236 2824 126.
269 2780 368 2824 403.
390 2806 443 2814 --
477 2780 737 2825 fueritin
756 2782 886 2838 quin-

140 2850 242 2893 que,
284 2844 336 2883 ut
377 2841 475 2887 131.
517 2841 772 2885 oridiam
804 2847 887 2885 sex

140 2896 276 2941 codd.
320 2899 558 2954 (orizam
591 2901 657 2953 π.)
703 2906 750 2945 et
782 2914 886 2958 ory-

139 2967 239 3000 zam
273 2957 466 3002 eundem
497 2957 694 3004 fructum
721 2959 885 3004 habeo.

967 885 1103 929 Hum.
1137 898 1194 929 ex
1226 884 1296 928 ed.
1332 884 1520 929 mediol.
1565 883 1727 928 orin-

969 944 1116 987 diam
1152 944 1215 999 (in
1244 943 1314 987 ed.
1345 958 1413 999 pr.
1447 943 1723 997 „oridiam“)

969 1001 1080 1047 fecit
1113 1003 1399 1055 orindam,
1431 1003 1478 1046 in
1511 1002 1724 1047 codsal-

968 1076 1080 1106 mas.
1133 1063 1231 1106 153.
1277 1063 1375 1106 155.
1426 1062 1630 1114 „orizia“
1675 1067 1724 1107 et

971 1122 1193 1175 „01·idia“,
1256 1127 1306 1165 ut
1353 1123 1453 1165 392.
1520 1134 1723 1173 „oxozo-

969 1186 1119 1225 mum“
1164 1186 1211 1225 et
1252 1181 1623 1232 „exodiomum“,
1656 1181 1723 1226 sic

973 1241 1272 1294 „diabernas“
1318 1253 1402 1295 pro
1439 1241 1719 1294 „zabernas“

969 1302 1014 1344 in
1057 1300 1226 1344 Edicto
1275 1300 1427 1345 Diocl.
1474 1303 1542 1351 11,
1584 1300 1624 1344 2.
1659 1299 1725 1345 sic

969 1359 1286 1416 gargaridiare
1326 1372 1399 1415 ap.
1457 1359 1586 1403 Varr.
1631 1359 1723 1404 No-

969 1420 1032 1463 nii
1062 1419 1108 1462 in
1141 1433 1180 1462 v.
1202 1418 1393 1463 zabolus
1417 1423 1465 1463 et
1489 1419 1720 1471 diabolus,

969 1479 1128 1522 diaeta
1169 1483 1217 1522 et
1259 1484 1410 1529 zaeta,
1455 1478 1629 1522 Diavas
1674 1483 1723 1523 et

968 1538 1115 1581 Zabas
1148 1549 1220 1592 ap.
1256 1537 1412 1582 Vales.
1445 1537 1507 1581 ad
1539 1537 1721 1582 Ammi-

967 1610 1038 1640 an.
1074 1598 1144 1648 23,
1178 1597 1218 1648 6,
1263 1597 1333 1646 20,
1367 1597 1434 1640 sic
1475 1597 1597 1651 σχίζα
1643 1597 1721 1642 Vi-

967 1657 1119 1700 truvio
1154 1657 1195 1705 2,
1232 1658 1271 1707 1,
1302 1656 1343 1698 4.
1381 1657 1510 1707 7,10,
1543 1658 1583 1700 3.
1603 1656 1722 1701 schi-

968 1716 1044 1759 dia
1099 1715 1278 1759 dicitur.
1338 1715 1405 1759 sic
1447 1715 1492 1763 ζα
1540 1720 1588 1760 et
1634 1714 1727 1770 διαί,

965 1774 1152 1818 Ahrens
1197 1773 1319 1820 Dial.
1365 1776 1477 1819 Dor.
1519 1779 1556 1828 ξ.
1603 1776 1641 1818 7.
1680 1777 1722 1821 1.

966 1835 1086 1878 Rost
1118 1835 1226 1878 Lex.
1257 1836 1278 1876 1
1312 1847 1356 1889 p.
1384 1835 1512 1877 1302.
1538 1834 1725 1891 insuper

969 1894 999 1938 d
1032 1899 1134 1938 etz
1178 1893 1373 1937 variant.
1416 1893 1478 1936 ad
1522 1893 1723 1949 Capitol.

969 1951 1149 1997 Anton.
1182 1953 1315 1996 Pium
1347 1954 1387 1996 9.
1422 1953 1616 1997 sebadia
1648 1966 1724 2010 ap.

969 2012 1146 2055 Arnob.
1182 2012 1223 2063 5,
1277 2014 1345 2056 21.
1388 2012 1482 2055 Ian.
1528 2012 1589 2055 ad
1633 2013 1726 2056 Ma-

969 2071 1094 2116 crob.
1130 2076 1215 2114 sat.
1253 2072 1292 2115 1.
1330 2072 1397 2122 18,
1434 2072 1501 2114 11.
1536 2076 1585 2115 et
1620 2077 1727 2116 zeta

968 2144 996 2174 a
1030 2130 1206 2174 Latinis
1248 2131 1294 2174 in
1327 2130 1457 2174 delta
1489 2135 1725 2175 mutatur:

969 2190 1084 2238 λαζοὶ
1133 2179 1242 2241 Iasii,
1290 2190 1414 2240 βάζω
1454 2190 1593 2241 vado,
1643 2191 1725 2239 ὄζω

969 2249 1061 2293 odo
1111 2254 1158 2293 et
1204 2254 1372 2304 postea
1413 2249 1522 2293 olio.
1562 2249 1728 2298 οῖνίζων

968 2308 1170 2359 unedon‚
1189 2308 1443 2352 secundum
1461 2309 1654 2353 Salmas.
1681 2310 1728 2353 in

971 2367 1115 2412 Solin.
1149 2381 1192 2423 p.
1227 2368 1327 2411 362.
1361 2368 1406 2411 b.
1442 2391 1495 2398 ἢ
1528 2382 1614 2423 pro
1648 2369 1728 2412 in-

971 2426 1132 2471 feres
1176 2425 1298 2470 forte
1345 2425 1635 2472 conferes.
1673 2453 1727 2459 —

1057 2486 1119 2529 ad
1151 2487 1221 2529 53.
1271 2493 1645 2541 apotermum
1678 2491 1726 2531 et

969 2544 1373 2600 apothermum
1419 2546 1554 2589 codd.
1600 2546 1728 2602 quod

970 2609 1092 2648 esset
1127 2603 1415 2660 α’πόθερμον.
1443 2605 1558 2662 jam.
1592 2606 1726 2650 Hum-

977 2677 1092 2707 corr.
1115 2663 1490 2719 apodermum
1522 2663 1725 2722 α’πόὸερ,

976 2739 1073 2773 μον,
1126 2729 1178 2766 ut
1231 2729 1355 2768 esset
1407 2724 1611 2777 „isicium
1651 2737 1727 2769 ex-

978 2784 1215 2833 coriatum,
1239 2783 1305 2827 sic
1325 2783 1498 2827 dictum
1523 2783 1648 2840 quod
1671 2797 1728 2829 cx

975 2842 1169 2885 nucibus
1202 2842 1419 2898 depilatis
1452 2848 1499 2887 et
1531 2844 1726 2888 excorti-

978 2901 1093 2945 catis
1127 2898 1412 2953 conficiatur,
1455 2903 1726 2958 praesertim

977 2960 1122 3017 pineis
1171 2967 1214 3005 et
1270 2962 1573 3020 amygdalis“.
1635 2975 1725 3025 ego
