2098 3470
703 346 802 392 Lib.
837 346 892 391 X.
957 343 1124 391 Alieus
1158 343 1341 390 libatus.
1717 341 1817 398 197

232 479 444 548 minum,
490 479 755 534 coriandri
782 496 981 546 semen,
1010 479 1200 532 lasaris
1227 477 1480 542 radicem,
1522 476 1817 544 origanum,

231 560 418 622 rutam,
461 554 691 621 fricabiS,
732 553 1006 607 suffundes
1046 558 1272 619 acetum,
1303 552 1504 605 adicies
1546 551 1818 617 cariotam,

232 629 352 695 mel,
409 628 704 694 defrictum,
760 629 951 694 oleum,
1005 627 1288 693 liquamen,
1346 626 1684 696 temperabis.
1739 641 1818 678 re-

230 702 421 755 fundes
460 702 513 753 in
556 702 859 755 caccabum.
902 701 1069 754 facies
1111 706 1166 753 ut
1199 700 1408 753 ferveat
1469 699 1819 757 cunrfervue-

229 777 310 843 rit,
333 776 535 847 piscem
551 775 759 829 frictum
771 775 1078 843 perfundeS,
1102 775 1255 843 piper
1278 774 1523 844 aspargis
1541 778 1591 826 et
1604 772 1816 826 inferes.

340 850 464 903 446.
507 851 617 902 Ius
656 850 724 901 in
758 851 958 918 pisce
1022 849 1241 902 elixo:
1296 848 1468 918 piper,
1518 847 1818 914 ligisticum,

230 923 493 990 ciminum,
518 924 796 991 cepullam,
823 923 1116 990 origanum,
1140 922 1376 988 nucleOS,
1402 921 1673 988 cariotam,
1697 920 1819 986 mel,

229 1002 454 1063 acetum,
495 998 780 1064 liquamen,
822 1014 1042 1065 senape,
1087 997 1260 1050 oleum
1288 995 1514 1049 modice.
1551 995 1646 1047 'ius
1676 993 1819 1047 calli-

230 1088 347 1125 cum
388 1071 432 1122 si
472 1071 621 1137 velis,
663 1088 819 1123 uvam
860 1087 1091 1140 passam.

339 1146 463 1197 447.
507 1145 674 1198 Aliter
701 1145 755 1197 in
777 1146 926 1213 pisce
951 1145 1118 1198 elixo:
1151 1149 1294 1198 teres
1319 1143 1489 1212 piper,
1517 1141 1820 1210 ligisticum,

229 1218 565 1271 coriandrum
604 1219 789 1286 viride,
819 1219 1122 1286 satureiam,
1154 1235 1360 1286 cepam,
1395 1234 1613 1270 ovorum
1640 1216 1821 1270 vitella

230 1292 338 1344 duo
384 1298 554 1360 cocta,
611 1309 844 1361 passum,
881 1298 1105 1360 acetum,
1160 1293 1335 1346 oleum
1387 1295 1439 1344 et
1475 1292 1760 1357 liquamen.

342 1367 466 1419 448.
508 1367 675 1420 Aliter
714 1367 793 1420 ius
845 1368 900 1419 in
954 1367 1103 1438 pisce
1161 1367 1326 1420 elixo:
1380 1365 1582 1436 piscem
1611 1364 1820 1418 curabis

230 1439 528 1511 diligenter.
572 1441 745 1494 mittes
784 1442 838 1493 in
865 1441 1167 1493 mortarium
1204 1441 1387 1506 salem,
1431 1439 1698 1492 coriandri
1737 1455 1818 1492 se-

227 1530 367 1580 men,
423 1519 684 1582 contereS,
739 1515 881 1568 unde
934 1516 1118 1567 volves
1161 1531 1297 1582 eum,
1350 1513 1552 1567 adicies
1592 1514 1646 1565 in
1685 1512 1818 1581 pati-

227 1604 363 1655 nam,
409 1589 667 1657 coperieS,
710 1589 964 1657 gipsabiS,
1008 1605 1206 1654 coques
1240 1589 1293 1641 in
1333 1587 1502 1640 furno,
1547 1604 1664 1640 cum
1700 1603 1817 1640 coc-

226 1666 308 1713 tus
355 1661 528 1730 fuerit,
577 1664 746 1716 tolles.
799 1668 953 1716 accto
1012 1662 1307 1732 asperrimo
1357 1662 1603 1730 aspargis
1644 1665 1696 1714 ct
1741 1661 1817 1712 in-
1893 1662 1902 1671 '

227 1734 384 1790 feres

334 1810 458 1863 449.
520 1810 688 1864 Aliter
729 1811 819 1864 ,ius
858 1811 912 1863 in
949 1811 1102 1882 pisce
1146 1809 1314 1863 elixo:
1356 1814 1492 1863 ‘cum
1547 1806 1818 1861 curaveris

222 1882 443 1951 piscem,
485 1883 688 1938 adicies
726 1886 782 1937 in
821 1885 1147 1952 sartaginem
1187 1901 1385 1951 semen,
1440 1894 1652 1949 aquam,
1690 1899 1815 1936 ane-

221 1961 330 2009 tum
383 1958 552 2011 viride
605 1964 656 2012 et
706 1960 880 2027 ipsum
934 1959 1154 2027 piscem.
1226 1975 1343 2012 cum
1399 1962 1580 2011 coctus
1639 1956 1815 2023 fuerit,

221 2033 467 2100 aspargis
524 2037 679 2086 aceto
735 2038 788 2086 et
826 2033 1040 2086 inferes,

224 2163 380 2207 darius
401 2177 482 2208 seu
501 2164 765 2217 Vindarius‚
798 2170 849 2209 ut
865 2165 973 2209 Kci-
1066 2165 1136 2208 70.
1171 2177 1271 2207 cum
1306 2163 1454 2207 Kritz.
1497 2177 1541 2219 p.
1576 2162 1676 2205 277.
1712 2162 1814 2205 283.

224 2222 310 2266 lius
344 2223 461 2279 legit
503 2224 821 2278 (vindicianus
862 2226 973 2269 cita-

223 2286 299 2324 tur
330 2295 358 2324 a
393 2282 561 2327 Vossio
588 2283 660 2327 De
677 2284 756 2328 vit.
776 2297 970 2328 sermon.

220 2340 304 2383 lat.
342 2342 381 2392 1,
418 2344 484 2385 11.
519 2356 561 2397 p.
596 2342 686 2395 47.)

312 2400 373 2443 ad
427 2401 536 2444 445.
601 2401 974 2446 diabotanon

222 2456 287 2497 διὰ
323 2462 523 2509 βοτανῶν
564 2473 621 2504 ex
663 2459 830 2510 herbis,
874 2459 974 2504 her-

224 2517 430 2561 baceum.
451 2519 510 2562 ad
531 2518 704 2574 Gai-gil.
725 2532 816 2563 cur.
834 2519 975 2562 boum

220 2588 265 2631 p.
299 2577 368 2619 31.
415 2603 465 2606 —-
510 2577 719 2621 saluas
755 2577 891 2622 codd.
927 2582 974 2622 et

223 2640 540 2679 careotam.

220 2717 224 2720 -
309 2694 370 2737 ad
400 2694 501 2738 446.
537 2695 796 2739 calidum
831 2695 969 2739 codd.

220 2752 281 2796 ad
315 2753 416 2798 275.

309 2812 370 2855 ad
423 2813 523 2856 448.
588 2813 771 2857 aliter
827 2823 894 2856 ‘ex
941 2829 973 2852 π

222 2870 329 2913 add.
376 2896 429 2902 —
485 2872 635 2916 unde
689 2885 745 2916 ex
787 2875 844 2911 θκ
889 2885 974 2927 pro

221 2929 381 2973 bene.
435 2930 616 2986 explico
665 2944 750 2986 pro
793 2931 886 2982 ubi,
929 2932 974 2974 in

222 3001 328 3044 quo,
361 2988 469 3034 illic.
505 2988 560 3033 cf.
595 2989 782 3034 Sallust.
832 2989 885 3033 fr.
932 2991 972 3040 2,

1063 2223 1271 2267 Hildcbr.
1306 2222 1367 2266 ad
1398 2222 1540 2278 Apul.
1579 2224 1599 2265 1
1635 2235 1679 2276 p.
1713 2221 1812 2264 860.

1065 2284 1165 2326 997.
1191 2283 1290 2325 600.
1314 2283 1415 2325 228.
1450 2282 1683 2325 adicies
1712 2281 1815 2323 mit-

1065 2347 1136 2386 tes
1183 2341 1371 2395 piscem.
1407 2341 1659 2396 ‘coperis
1692 2338 1811 2383 florr.

1065 2401 1137 2445 ed.
1182 2413 1246 2455 pr.
1294 2400 1610 2455 cooperies
1641 2399 1813 2452 ssy...63.

1068 2459 1395 2514 asperrimo
1430 2473 1486 2503 ex
1510 2459 1576 2506 ξπ.
1608 2458 1722 2501 Plin.
1743 2458 1814 2507 20,

1065 2519 1139 2565 97.
1167 2532 1251 2572 pro
1275 2531 1302 2560 a
1316 2531 1340 2561 c
1354 2531 1377 2562 e
1390 2532 1411 2561 r
1424 2533 1445 2561 r
1458 2519 1564 2561 imo
1584 2516 1710 2573 quod
1727 2515 1814 2560 fre-

1066 2578 1280 2632 quentius
1313 2582 1360 2620 et
1377 2591 1434 2620 ex
1453 2578 1557 2620 vino
1575 2577 1669 2619 acri
1689 2575 1814 2631 quod

1064 2641 1135 2680 est
1168 2641 1350 2679 acetum
1382 2635 1490 2691 gall.
1520 2635 1741 2690 vinaigre.

1153 2694 1214 2738 ad
1230 2694 1331 2738 449.
1364 2694 1426 2738 ad
1451 2697 1657 2747 „semen“
1678 2693 1812 2736 Hum.

1067 2754 1352 2806 „coriandri“
1374 2754 1447 2797 vel
1481 2754 1607 2809 „api“
1640 2752 1813 2796 adden-

1064 2812 1172 2855 dum
1202 2813 1391 2856 censuit.
1426 2811 1537 2855 mihi
1555 2816 1626 2856 est
1644 2816 1694 2855 ut
1710 2811 1811 2854 300.

1065 2884 1220 2915 semen
1267 2871 1502 2921 adoreum,
1548 2871 1814 2915 alicastrum

1066 2942 1161 2980 zea,
1183 2931 1349 2985 spelta,
1371 2931 1572 2973 triticum
1590 2930 1744 2984 spelta
1759 2929 1810 2971 L.

1066 2990 1186 3033 unde
1209 2989 1330 3033 alica
1354 2992 1400 3034 et
1426 2989 1629 3045 amylum
1650 2985 1809 3032 fiebat.
