2098 3470
702 335 803 380 Lib.
819 335 895 379 VI.
946 335 1187 391 Tropetes.
1625 332 1729 385 129

255 469 375 523 250.
417 469 678 521 Pullum
717 466 1266 520 frontonianum:
1321 464 1523 533 pullum
1574 480 1727 533 prae-

145 543 294 610 dura,
338 543 556 596 condies
594 541 883 608 liquamine
924 541 1042 593 0160
1083 540 1263 607 mixto,
1308 539 1391 592 cui
1429 538 1590 591 mittis
1623 537 1729 590 fas·

145 618 371 670 ciculum
410 617 568 683 aneti,
609 614 769 683 porri,
809 617 1073 667 satureiae
1128 618 1180 665 et
1232 611 1497 666 coriandri
1547 610 1730 664 viridis

146 695 197 742 et
237 706 450 757 coques,
492 689 581 742 ubi
622 692 801 742 coctus
840 687 1012 753 fuerit,
1054 687 1260 740 lavabis
1303 703 1440 751 eum,
1481 685 1536 737 in
1575 685 1731 738 lance

145 762 367 816 defricto
408 778 730 830 perungues,
775 761 927 831 piper
967 761 1214 829 aspargis
1257 764 1308 813 et
1347 759 1563 813 inferes,

256 836 378 888 251.
445 836 710 888 Pullum
771 834 1353 900 tractogalatum:
1417 832 1618 900 pullum
1644 847 1730 884 co-

145 926 274 976 ques
300 909 604 977 liquamine,
647 909 781 973 0160,
823 907 964 974 vine,
1008 906 1090 959 6111
1117 907 1277 959 mittis
1301 905 1613 959 fasciculum
1647 922 1733 958 co-

143 981 359 1050 riandri,
385 999 588 1050 cepam.
617 981 812 1034 deinde
835 997 952 1033 cum
977 985 1157 1033 coctus
1183 979 1355 1047 fuerit,
1378 979 1585 1033 levabis
1615 995 1734 1032 eum

145 1055 213 1109 de
252 1056 365 1109 iure
405 1072 500 1108 suo
544 1060 595 1109 et
634 1055 792 1107 mittis
844 1055 898 1107 in
952 1055 1242 1107 caccabum
1295 1069 1491 1106 novum
1543 1053 1628 1106 lac
1684 1057 1735 1106 et

145 1131 310 1183 salem
349 1129 631 1196 modicum,
673 1130 776 1182 mel
817 1134 868 1182 et
908 1145 1081 1195 aquae
1124 1128 1352 1181 eminam
1395 1125 1467 1198 [id
1509 1130 1589 1179 est
1626 1130 1730 1179 ter-

144 1204 271 1256 tiam
309 1201 552 1274 partem].
593 1203 748 1271 ponis
789 1202 859 1255 ad
897 1202 1078 1269 ignem
1116 1202 1314 1255 lentum
1365 1206 1420 1253 111
1469 1204 1731 1268 tepescat.

143 1282 366 1331 tractum
407 1277 697 1344 confringis
739 1280 791 1330 et
828 1276 988 1329 mittis
1028 1276 1300 1346 paulatim,
1355 1273 1571 1327 assidue
1623 1272 1735 1341 agi-

144 1356 226 1404 tas
266 1368 333 1405 ne
372 1356 566 1404 uratur.
608 1350 809 1419 pullum
841 1350 948 1404 illic
988 1349 1148 1402 mittis
1177 1349 1440 1416 integrum
1468 1347 1555 1401 vel
1582 1364 1735 1415 carp·-

145 1430 268 1477 tum.
311 1425 550 1478 versabis
589 1425 642 1476 in
692 1425 867 1493 lance,
921 1440 1076 1492 quem
1128 1421 1420 1490 perfundis,
1475 1421 1557 1474 ius
1597 1422 1733 1474 tale:

144 1498 314 1569 piper,
356 1499 656 1565 ligisticum,
699 1498 990 1564 origanum,
1033 1496 1292 1549 suffundis
1317 1496 1422 1548 mel
1452 1500 1504 1549 et
1545 1494 1735 1549 defric-

144 1577 253 1625 tum
291 1571 558 1625 modicum
601 1576 653 1624 et
689 1571 770 1624 ius
812 1571 878 1624 de
919 1587 1013 1623 suo
1043 1570 1158 1623 sibi.
1202 1575 1487 1638 temperas,
1529 1569 1583 1622 in
1618 1586 1736 1622 cac·

147 1646 335 1699 cabulo
375 1645 543 1698 facies
583 1650 639 1697 111
677 1644 876 1698 bulliat.
921 1661 1039 1697 cum
1080 1644 1326 1710 bullierit,
1368 1643 1546 1697 amolo
1604 1642 1734 1697 obli-

146 1736 244 1787 gas
285 1724 337 1772 61
373 1718 584 1772 inferes,

259 1793 381 1846 252.
432 1793 639 1844 Ρ111111111
705 1790 839 1843 sicut
903 1790 1092 1843 alicam
1162 1807 1348 1858 coque.
1415 1789 1734 1845 caminatum

147 1884 179 1918 a
219 1867 426 1920 cervice
468 1865 740 1933 expedies
796 1870 936 1917 teres
976 1865 1147 1935 piper,
1202 1864 1505 1932 ligisticum,
1561 1863 1732 1932 gingi-

147 1941 258 2008 ber,
300 1940 517 2011 pulpam
559 1955 790 2005 caesam,
832 1938 1021 1992 alicam
1066 1938 1278 2005 elixam,
1319 1942 1461 1992 teres
1503 1937 1735 1992 cerebel-

236 2070 297 2112 ad
314 2070 411 2113 250.
447 2068 537 2114 fro
552 2075 646 2114 1110
660 2084 705 2115 11.
723 2074 774 2113 111
791 2069 892 2114 380.

62 2179 67 2183 .
149 2129 322 2172 dictum
361 2142 388 2172 a
429 2129 663 2173 Frontone
697 2129 775 2184 qui
807 2129 892 2172 sub

147 2188 431 2242 Imperatore
478 2187 648 2232 Severo
690 2188 807 2231 vixit
848 2191 896 2231 61

151 2246 361 2302 Geopon.
405 2247 444 2297 7,
492 2248 558 2289 12.
605 2248 676 2291 22.
714 2248 782 2297 12,
825 2247 894 2291 10.

153 2307 284 2356 19,·2.
320 2306 503 2357 citatur,
536 2318 594 2348 an
626 2318 654 2349 a
686 2306 717 2349 I.
753 2306 895 2349 Fron-

150 2368 259 2408 tone
291 2365 419 2408 cuius
456 2365 661 2409 meminit
691 2364 895 2408 Iuvenal

154 2425 192 2473 1,
227 2425 293 2466 12-
327 2424 522 2468 Martial.
560 2426 598 2475 1,
632 2424 703 2467 56.
738 2448 792 2454 —
826 2423 897 2468 le-

152 2481 321 2525 vabis
363 2482 409 2525 in
450 2496 541 2526 uno
575 2499 606 2522 π
645 2483 777 2526 Η11111.
811 2495 895 2537 910

152 2539 268 2583 lav.
316 2565 367 2570 -—
406 2554 745 2597 perungues
790 2541 817 2584 i.
854 2554 895 2596 q.

152 2597 416 2654 perfundes,
460 2600 586 2655 quod
627 2600 760 2643 Hum.
805 2599 899 2644 edi-

154 2657 236 2709 dit,
279 2658 353 2702 vel
401 2664 650 2715 pertanges
699 2659 800 2702 395.

241 2716 303 2760 ad
336 2717 436 2762 251.
483 2731 567 2773 910
601 2722 802 2761 tracto
836 2717 900 2760 la-

155 2776 899 2820 cunainoxadffia—oleum

155 2836 201 2878 in
232 2848 325 2879 sex.
363 2861 415 2865 ι-
454 2836 690 2882 levabis
721 2836 812 2879 iam
845 2836 901 2879 H.

157 2907 270 2938 corr.
318 2908 402 2950 pro
446 2895 559 2938 lav.
603 2893 659 2939 cf.
704 2895 804 2938 216.
851 2919 901 2924 -

157 2966 348 3010 aquae
391 2954 673 2998 minimum
715 2966 810 3009 par.
854 2958 904 2997 ut

204 3027 243 3060 C.
269 3029 423 3068 Apicius
449 3029 506 3061 ed.
532 3028 688 3060 Schueh.

985 2081 1134 2126 aquae
1151 2069 1383 2114 modicum
1403 2071 1500 2114 188.
1534 2081 1739 2126 aquam

986 2130 1229 2174 eminam
1277 2129 1348 2173 ed.
1402 2143 1468 2184 pr.
1529 2141 1737 2186 aquam

987 2188 1311 2232 eminimum
1344 2201 1439 2232 sex.
1477 2213 1532 2220 —
1576 2193 1741 2231 trac-

987 2252 1100 2290 tam
1133 2247 1204 2291 ed.
1237 2261 1304 2302 pr.
1338 2252 1534 2303 utraque
1567 2260 1661 2291 vox
1694 2247 1741 2289 in

986 2320 1084 2350 usu.
1108 2331 1161 2337 -
1195 2306 1328 2350 illic
1359 2306 1480 2350 111116.
1502 2331 1554 2339 -—
1583 2318 1741 2360 carp-

988 2370 1102 2408 tum
1147 2369 1458 2420 concerptum,
1491 2364 1741 2420 particula-

988 2424 1071 2467 tim
1104 2424 1336 2468 eoncisum
1366 2426 1463 2469 133.
1493 2425 1583 2467 iam
1610 2424 1741 2467 Hum.

988 2496 1072 2538 pro
1107 2483 1400 2527 c'ariotum
1443 2483 1742 2527 1161611110-

989 2546 1121 2585 tam.
1170 2567 1225 2573 —
1273 2542 1547 2586 versabis
1594 2553 1743 2596 pones

990 2600 1089 2643 249.
1140 2626 1195 2632 —
1243 2601 1333 2644 ius
1382 2600 1506 2645 tale
1556 2600 1744 2656 parabis

991 2659 1093 2704 216.
1126 2673 1210 2703 nos
1229 2659 1485 2704 diceremus
1521 2672 1744 2715 „eumque

992 2723 1215 2774 sequente
1246 2719 1344 2764 iure
1376 2717 1658 2774 perfundis“.

1082 2777 1143 2820 ad
1192 2777 1291 2821 252.
1363 2779 1559 2834 primum
1606 2791 1745 2822 mem-

991 2836 1124 2880 brum
1170 2850 1313 2886 unum,
1353 2851 1409 2882 ex
1455 2837 1745 2892 corruptissi-
1814 2872 1819 2877 ,

993 2895 1078 2938 mis
1113 2900 1197 2939 est.
1243 2894 1332 2940 feci
1366 2896 1493 2952 quod
1525 2897 1658 2952 potui
1691 2908 1748 2940 ex

997 2954 1097 2997 cod.
1147 2958 1197 3005 βε
1261 2956 1487 3011 9111111111
1544 2955 1632 2999 sic
1687 2959 1750 2999 ut

1548 3045 1574 3087 9
