2098 3470
703 285 801 332 Lib.
822 285 943 332 VIII.
994 286 1236 344 Tetrapus.

1626 287 1726 342 167

144 423 195 472 et
235 419 408 472 oleum
449 424 500 472 et
538 419 643 472 iam
683 419 923 473 bullienti
963 420 1122 473 mittis
1163 421 1404 474 amolum.
1459 421 1543 475 vel
1586 425 1729 475 certe

142 493 358 545 mittitur
409 494 462 545 in
514 493 732 548 reticulo
786 495 872 547 vel
924 495 978 546 in
1018 496 1288 562 sportella,
1346 501 1398 549 et
1449 495 1732 564 diligenter

143 568 518 635 constringitur
571 572 622 621 et
674 568 911 621 bullienti
963 586 1146 622 zemae
1195 586 1313 622 cum
1354 570 1563 623 modico
1604 569 1731 622 salis
1784 596 1786 598 ·

141 642 471 694 submittitur.
517 659 635 694 cum
675 643 811 695 bene
851 642 958 695 illic
997 647 1104 695 tres
1145 643 1316 696 undas
1358 644 1603 709 bullierit,
1658 644 1731 697 le-

141 720 291 767 vatur
343 716 619 768 etxdenuo
673 715 822 767 bullit
874 733 993 769 cum
1051 733 1234 771 umore
1294 734 1455 786 supra
1515 719 1730 789 scripto,

142 790 394 842 bulliente
437 789 716 842 conditura
755 789 1105 857 perfunditur.

252 862 374 915 365.
420 863 587 916 Aliter
626 863 793 916 aedus
834 864 945 918 sive
985 881 1157 932 agnus
1186 864 1536 932 siringianus:
1578 864 1734 918 lactis

141 937 428 990 sextarium
468 953 642 1003 unum,
684 937 856 990 mellis
906 955 1022 992 unc.
1041 939 1130 992 IV.
1162 939 1362 1007 piperis
1392 956 1510 993 unc.
1541 941 1581 992 Ι.
1606 939 1734 992 salis

141 1011 423 1078 modicum,
465 1011 654 1064 lasaris
694 1011 974 1065 modicum.
1039 1014 1127 1066 Ius
1162 1013 1216 1065 in
1242 1013 1440 1083 ipsius:
1484 1013 1587 1067 olei
1614 1030 1732 1066 ace-

141 1085 392 1152 tabulum,
433 1085 732 1152 liquaminis
776 1088 1129 1155 acetabulum,
1169 1088 1340 1141 mellis
1380 1088 1733 1154 acetabulum,

139 1264 362 1308 utinam
381 1261 896 1308 fiatstmicfftfiat

139 1325 203 1375 βξ.
242 1323 329 1367 sic
368 1326 431 1366 ut
521 1321 663 1366 ¹fiat
693 1322 755 1378 γὸ.
793 1336 894 1367 cum

140 1396 288 1427 vacuo
322 1381 489 1437 spatio.
525 1382 613 1425 sic
646 1388 708 1426 ut
739 1382 893 1427 vide-

140 1447 237 1486 tur
268 1440 383 1485 fiat
416 1456 461 1484 π.
497 1441 541 1484 in
564 1442 751 1486 modum
778 1443 892 1486 utris

140 1501 239 1545 384.
277 1527 329 1531 —
364 1500 419 1545 ei
448 1500 493 1543 in
515 1501 738 1556 plurimis,
763 1502 892 1545 eius

137 1566 180 1613 β.
227 1563 284 1605 et
327 1576 371 1601 π.
424 1584 477 1591 -
529 1560 892 1605 eximabitur

138 1638 174 1675 γ.
210 1618 566 1664 exinabitur
597 1619 667 1663 ed.
702 1619 888 1664 mediol.

140 1678 498 1724 exinanitur
546 1693 590 1720 π.
643 1679 705 1722 ad
750 1679 891 1734 pluri-

143 1751 320 1782 morum
374 1737 616 1782 obsoletae
674 1739 891 1795 coniuga-

144 1798 283 1842 tionis
316 1795 511 1840 formam
544 1795 600 1840 cf.
634 1797 778 1847 scibo,
812 1811 890 1842 au-

140 1857 264 1907 dibo,
290 1855 596 1908 communibo,
624 1857 889 1912 opperibor,

140 1915 369 1971 experibis
403 1915 570 1958 Catull.
604 1917 675 1967 21,
708 1917 746 1959 6.
766 1917 889 1959 illar-

139 1976 250 2031 gibo
296 1975 397 2019 Cat.
441 1987 514 2029 ap.
558 1975 674 2019 Non.
710 1988 753 2030 p.
787 1976 887 2019 320.

138 2048 179 2079 a.
214 2060 264 2064 —
310 2035 366 2077 in
397 2033 669 2089 absorptum
710 2034 768 2078 ab
809 2036 891 2078 in-

137 2097 243 2139 test.
279 2093 454 2136 addidi.
483 2093 528 2136 ni
551 2093 721 2148 placet,
740 2094 890 2138 scribe

138 2167 240 2197 cum
284 2165 380 2208 par.
425 2150 768 2196 sufflentur.
804 2154 890 2196 ita

138 2218 200 2256 ut
233 2224 351 2267 cap.
389 2211 509 2255 florr.
544 2211 642 2255 sine
676 2224 887 2267 praepos.

138 2297 190 2301 ψ
228 2284 284 2315 ex
311 2270 541 2314 intestinis
559 2275 736 2314 stercus
762 2285 890 2327 egre-

138 2329 185 2373 di
217 2327 379 2374 scribit
409 2329 580 2373 Paulus
613 2330 817 2374 medicus
846 2332 888 2382 6,

137 2389 206 2431 88.
241 2389 298 2432 in
332 2392 511 2443 caput
543 2389 589 2431 in
621 2402 687 2440 os,
720 2390 765 2432 in
800 2390 888 2433 den

137 2447 277 2490 mund
318 2446 487 2498 hinein,
528 2447 659 2491 Mart.
708 2449 777 2500 14,
819 2449 887 2492 74.

136 2519 240 2561 per
273 2510 453 2561 caput
485 2506 657 2550 codicis
690 2519 785 2562 par.
822 2521 891 2552 es-

137 2569 210 2609 set
242 2564 343 2604 κατοὶ
391 2563 592 2617 κεφαλὴν,
634 2579 726 2610 von
770 2566 891 2611 oben

136 2623 293 2668 hinab.
327 2630 529 2668 ceterum
548 2624 595 2667 id
612 2619 667 2668 fit
684 2638 740 2668 ex
763 2639 891 2670 more

137 2683 405 2734 utricularii‚
433 2683 647 2723 ἇσκαὺλου
679 2684 755 2740 qui
774 2685 890 2728 tibia

136 2742 229 2785 utri
260 2742 432 2787 inserta
461 2742 605 2794 inflat,
641 2743 697 2787 de
723 2744 888 2799 quibus

136 2801 321 2844 musicis
379 2800 435 2844 cf.
495 2801 758 2858 Boulengcr
816 2802 886 2846 De

138 2859 306 2903 theatr.
350 2861 392 2910 2,
424 2860 495 2903 35.
540 2886 592 2890 —
640 2874 745 2916 per
787 2875 887 2905 no-

137 2919 284 2963 viss.
334 2923 560 2976 partcm
621 2924 887 2972 extremam,

985 1278 1068 1320 per
1122 1264 1295 1309 clunes.
1352 1264 1418 1309 sic
1475 1263 1738 1319 posteriora

987 1336 1118 1368 crura
1150 1324 1298 1369 Plinio
1335 1325 1404 1375 11,
1445 1323 1543 1367 249.
1580 1324 1737 1368 dicun-

985 1389 1060 1428 tur
1107 1384 1373 1428 novissima.
1423 1409 1476 1414 —
1528 1382 1735 1427 lavan-

984 1447 1079 1487 tur
1137 1468 1191 1473 —
1249 1443 1565 1498 inplentur
1620 1442 1736 1487 inte-

983 1503 1117 1546 stina.
1142 1527 1192 1531 —-
1215 1502 1286 1547 ob
1319 1502 1589 1547 humores
1618 1515 1735 1546 corr.

982 1575 1067 1617 pro
1111 1561 1180 1606 ab
1227 1561 1488 1607 humeris
1546 1561 1621 1606 vel
1667 1560 1736 1605 ad

982 1620 1283 1665 humerum
1332 1638 1378 1665 π.
1440 1646 1494 1651 «-
1543 1621 1631 1664 sic
1678 1625 1736 1664 et

982 1680 1163 1724 modice
1194 1680 1353 1724 mittis.
1390 1692 1443 1709 —⁴
1485 1680 1658 1723 etiam
1690 1680 1734 1724 b.

982 1739 1117 1783 codd.
1163 1753 1355 1795 quorum
1398 1737 1450 1794 γὸ
1491 1738 1734 1790 bullies,

983 1799 1003 1846 ζ
1029 1798 1271 1842 bulliat.
1302 1799 1363 1842 ad
1392 1799 1536 1851 „iam“
1558 1797 1613 1842 cf.
1633 1797 1734 1842 345.

981 1858 1080 1902 350.
1118 1883 1167 1887 ——
1196 1859 1466 1902 mittitur
1488 1857 1646 1901 aedus.
1677 1857 1735 1901 de

983 1930 1038 1961 eo
1072 1918 1325 1972 sportellae
1356 1930 1444 1960 usu
1475 1917 1536 1960 ad
1561 1917 1657 1959 121.
1679 1941 1734 1948 -

983 1976 1245 2020 reticulo
1292 1990 1377 2031 pro
1425 1976 1624 2020 retiac.
1678 1989 1735 2020 ex

984 2036 1013 2083 ζ.
1049 2040 1121 2079 est
1159 2035 1385 2090 γὺργαθος,
1429 2035 1677 2079 canistrum
1710 2048 1735 2078 e

983 2095 1149 2138 vimine
1212 2095 1412 2150 plexum,
1486 2094 1734 2138 reticulato

983 2167 1123 2208 opere
1148 2152 1336 2205 factum,
1364 2155 1409 2197 in
1434 2167 1525 2209 quo
1551 2167 1607 2197 ex
1640 2153 1733 2197 lino

984 2213 1260 2257 constrictus
1303 2214 1449 2257 aedus
1481 2214 1526 2256 in
1559 2225 1734 2256 zemam

983 2273 1181 2316 mittitur
1208 2273 1309 2316 340.
1335 2298 1385 2302 -
1406 2270 1545 2316 bull.
1579 2284 1736 2315 zema

981 2331 1116 2375 codd.
1160 2336 1210 2375 at
1253 2331 1308 2376 cf.
1342 2332 1442 2375 373.
1486 2331 1587 2374 374.
1632 2331 1735 2375 289.

982 2416 1036 2422 —
1082 2395 1208 2434 tres
1247 2391 1432 2434 undas
1474 2390 1616 2434 bull.
1661 2390 1733 2433 65.

980 2450 1158 2493 Pallad.
1206 2451 1274 2501 12,
1318 2451 1392 2500 22,
1433 2450 1473 2492 4.
1528 2448 1734 2502 „duabus

982 2513 1064 2551 aut
1095 2509 1243 2552 tribus
1276 2509 1410 2552 undis
1443 2507 1621 2552 fervere
1653 2520 1733 2562 pa-

983 2568 1062 2618 ti“,
1105 2568 1312 2611 zweimal
1353 2566 1599 2612 aufsieden
1642 2567 1731 2610 las-

984 2639 1078 2670 sen.
1114 2652 1170 2658 —

1097 2685 1159 2728 ad
1203 2686 1303 2730 365.
1367 2685 1732 2742 siringiatus

982 2744 1118 2789 codd.
1137 2745 1501 2801 syringianis
1520 2744 1589 2788 ed.
1611 2743 1731 2788 med.

977 2804 1077 2847 364.
1099 2804 1264 2848 -ius
1297 2804 1351 2847 in
1383 2805 1578 2859 ipsius
1601 2815 1733 2859 prae-

979 2862 1214 2918 positione
1263 2863 1389 2918 quod
1437 2863 1563 2917 apud
1611 2862 1731 2906 alios

979 2935 1071 2965 non
1104 2935 1255 2966 rarum
1292 2922 1571 2979 postposita.
1637 2934 1730 2966 ma-
