2098 3470
360 343 463 408 156

910 352 1009 400 Lib.
1035 353 1134 399 VII.
1197 354 1432 401 Politeles.

357 487 483 551 tam,
524 485 721 554 apium,
762 491 949 554 rutam,
990 488 1111 554 mel,
1152 492 1359 541 acetum
1402 489 1488 542 vel
1539 488 1732 555 vinum,
1776 489 1940 541 salem

355 560 441 616 vel
482 559 750 627 liquamen
790 566 841 615 et
882 563 1054 616 oleum
1096 562 1320 615 modice.

466 634 589 686 325.
645 636 719 689 In
761 636 1158 706 colocasio:
1213 637 1383 705 piper,
1439 636 1701 702 ciminum,
1754 640 1941 702 rutam,

353 708 475 774 mel,
516 708 802 776 liquamen,
845 710 948 765 olei
989 710 1270 765 modicum.
1315 727 1432 764 cum
1471 709 1738 776 fervuerit,
1770 711 1942 763 amolo

355 782 578 848 obligas.

465 857 589 909 326.
646 856 941 911 Cocleas
984 857 1187 930 [lacte
1229 855 1524 929 pastas]:
1581 857 1815 925 accipies
1859 875 1943 911 co-

359 930 523 998 01030,
546 930 905 1001 spongizabiS,
948 934 1307 986 membranam
1335 932 1490 984 tolles
1517 935 1572 984 ut
1598 932 1803 1000 possint
1830 949 1946 1003 pro-

355 1004 487 1058 dire.
529 1004 731 1058 adicies
770 1005 825 1058 in
864 1022 960 1059 vas
1000 1007 1084 1059 130
1127 1011 1178 1059 et
1218 1008 1384 1060 salem
1437 1022 1542 1057 uno
1597 1005 1700 1073 die,
1756 1006 1946 1060 ceteris

354 1077 543 1132 diebus
584 1079 668 1132 lac
708 1096 804 1150 per
844 1096 903 1133 se
946 1085 997 1134 et
1037 1081 1177 1132 omni
1218 1080 1351 1133 hora
1390 1079 1671 1132 mundabis
1725 1084 1944 1133 stercus

356 1169 474 1207 cum
516 1158 673 1222 pasta
712 1153 923 1222 fuerint,
964 1159 1021 1207 ut
1059 1172 1166 1207 non
1204 1154 1413 1224 possint
1452 1170 1510 1208 se
1549 1154 1836 1221 retrahere,
1881 1171 1947 1207 ex

442 1271 503 1316 ad
535 1272 636 1316 325.
687 1272 744 1317 de
780 1273 1013 1318 colocasio
1046 1273 1109 1317 ad

355 1331 429 1375 68.
462 1331 541 1376 ubi
574 1332 696 1376 idem
731 1330 826 1377 fere
859 1333 941 1376 ius.

442 1390 504 1434 ad
536 1391 636 1434 326.
681 1391 738 1435 de
771 1405 941 1447 genere
975 1391 1109 1435 coch-

352 1450 455 1494 leae
498 1463 589 1506 quo
633 1450 677 1493 in
722 1451 825 1495 cibo
859 1451 1110 1495 utebantur

356 1509 413 1555 cf.
457 1509 588 1553 Varr.
634 1511 675 1559 3,
713 1510 780 1560 14,
811 1510 854 1554 4.
916 1510 1031 1553 Plin.
1067 1511 1108 1560 8,

359 1570 458 1613 139.
505 1568 603 1612 140.
653 1570 694 1620 9,
742 1570 837 1613 173.
891 1570 987 1612 174.
1037 1570 1108 1620 30,

356 1628 545 1672 44—46.
598 1642 699 1671 cum
749 1628 952 1673 Gronov.
1011 1634 1108 1672 not.

357 1702 401 1744 p.
437 1688 505 1730 61.
542 1686 696 1731 Diosc.
718 1689 758 1739 2,
780 1690 847 1732 11.
882 1688 1008 1743 apud
1024 1701 1110 1731 nos

357 1747 482 1791 helix
514 1747 724 1802 pomatia
767 1753 814 1791 et
857 1760 1027 1805 grysea
1060 1748 1109 1789 L.

357 1806 471 1851 alibi
505 1806 627 1850 aliae
660 1807 870 1851 eduntur.
926 1807 1109 1850 Klemm

356 1865 641 1910 Culturwiss.
675 1879 719 1921 p.
757 1867 822 1910 75.
860 1892 909 1895 -
956 1866 1110 1910 lacte

355 1930 573 1981 pastas
607 1938 663 1968 ex
695 1938 902 1981 marg.—
943 1938 1110 1980 spon-

353 1984 594 2041 gizabis
637 1998 693 2028 ex
725 1989 767 2035 β.
813 1983 1001 2040 sfong.
1037 1985 1107 2029 ed.

355 2058 422 2100 pr.
468 2042 626 2099 fong.
671 2044 716 2087 in
761 2044 926 2088 ceteris
972 2044 1108 2087 codd.

357 2129 408 2132 —-
444 2102 572 2146 sale
606 2103 650 2145 in
684 2116 777 2147 sex.
816 2129 867 2133 —
910 2104 967 2146 in
1017 2103 1112 2146 lac

357 2162 494 2207 codd..
514 2188 568 2193 —-
589 2163 737 2206 omni
770 2162 918 2206 hora
949 2163 995 2206 in
1018 2175 1110 2206 una

356 2221 427 2265 ed.
477 2235 543 2277 pr.
593 2235 678 2276 pro
728 2234 987 2266 ommora
1034 2222 1108 2265 vel

357 2281 472 2325 omi
505 2292 630 2324 ora.
671 2281 884 2325 similiter
915 2281 1106 2324 Salmas.

355 2340 402 2383 in
434 2339 578 2384 Solin.
614 2353 657 2396 p.
692 2341 791 2383 232.
826 2353 867 2383 3.
913 2340 1109 2383 Plinium

359 2399 401 2450 8,
436 2400 533 2442 136.
569 2405 616 2443 et
650 2399 836 2451 Quintil.
860 2400 989 2450 11‚3,
1011 2400 1107 2442 137.

356 2459 572 2509 correxit,
614 2458 739 2513 apud
783 2472 917 2514 quem
954 2458 1108 2501 malim

359 2517 431 2570 „in
464 2521 571 2562 orc“
607 2531 692 2574 pro
717 2518 818 2561 cod.
840 2518 1002 2572 optimi
1039 2518 1108 2570 „in

356 2579 481 2620 ora“.
509 2602 559 2606 —
580 2590 678 2632 pas
693 2582 712 2619 t
726 2589 753 2619 a
771 2577 948 2632 sagina,
967 2576 1110 2620 durch

356 2640 493 2686 mast,
529 2648 585 2679 ex
616 2653 641 2691 γ
673 2640 721 2680 et
752 2635 871 2680 florr.
906 2649 991 2690 pro
1019 2648 1109 2690 pa-

356 2699 501 2739 stae.
546 2695 607 2738 ad
638 2695 710 2739 49.
754 2693 984 2738 fuerint
1015 2693 1109 2738 fac-

357 2758 438 2797 tae
471 2754 575 2797 sint.
611 2753 667 2798 cf.
702 2753 892 2799 Sallust.
917 2754 1015 2798 Cat.
1037 2755 1107 2797 20.

358 2813 529 2868 volgus
557 2812 741 2864 fuimus,
773 2813 914 2857 Fabri
931 2813 990 2856 ad
1005 2813 1106 2857 Liv.

358 2873 431 2922 21,
450 2873 580 2923 63,3.
614 2872 812 2927 interpp.
847 2872 908 2915 ad
935 2872 1108 2928 Vergil.

359 2931 445 2975 ecl.
481 2931 521 2982 7,
554 2932 626 2975 31.
659 2929 816 2975 fiunt
848 2931 918 2975 ed.
952 2945 1019 2986 pr.
1055 2956 1107 2960 m-

358 2995 414 3035 et
450 3003 517 3035 ex
551 2991 619 3035 ol.
656 2990 792 3035 codd.
827 2996 874 3035 et
906 2991 1020 3034 sim.
1055 2994 1110 3034 et

1199 1273 1419 1329 pulpas
1474 1272 1647 1328 pasci
1693 1277 1949 1328 possunt

1200 1333 1273 1377 vel
1307 1333 1551 1388 possint
1592 1337 1778 1388 praeter
1808 1333 1948 1388 paris.

1203 1392 1279 1448 qui
1304 1392 1349 1435 si
1384 1392 1548 1447 pasti
1581 1396 1713 1435 sunt
1737 1392 1820 1444 (sic
1842 1405 1948 1447 „po-

1201 1455 1333 1495 sunt“
1370 1456 1418 1495 et
1453 1454 1610 1503 „sunt“
1651 1449 1841 1494 confusa
1874 1463 1946 1506 ap.

1202 1511 1367 1555 Catull.
1406 1511 1566 1564 16‚S.).
1603 1510 1710 1566 quia
1742 1510 1787 1553 in
1820 1514 1850 1560 β
1882 1523 1949 1554 ex

1200 1583 1284 1626 pro
1336 1575 1392 1614 et
1440 1574 1487 1613 et
1533 1569 1681 1613 Varro
1727 1571 1769 1619 3,
1806 1569 1874 1620 14,
1907 1570 1947 1613 5.

1202 1629 1306 1673 0011.
1348 1629 1463 1672 Plin.
1508 1630 1548 1680 9,
1596 1629 1693 1672 174.
1745 1641 1860 1684 sapa
1902 1633 1950 1673 et

1201 1687 1320 1732 farre
1340 1688 1521 1732 cocleas
1534 1688 1699 1744 pascit,
1717 1701 1801 1743 pro
1815 1688 1949 1731 Hum.

1202 1761 1267 1792 ex
1300 1748 1464 1803 pulte
1497 1748 1658 1803 pasci
1691 1751 1950 1802 possunt

1201 1807 1300 1851 erui
1341 1807 1518 1862 pulpa
1565 1819 1707 1862 sapa
1755 1806 1950 1850 cibari

1200 1882 1252 1922 p.
1290 1879 1406 1922 quae
1439 1867 1580 1922 pulpa
1613 1865 1826 1909 breviore
1859 1864 1949 1910 for-

1201 1939 1275 1969 ma
1308 1926 1368 1969 sit
1400 1926 1425 1968 i.
1459 1939 1499 1982 q.
1543 1925 1805 1981 pulpamen,
1848 1925 1947 1980 pul-

1201 1990 1466 2041 pamentum
1511 1985 1583 2029 vel
1616 1984 1843 2040 pulticula
1874 1984 1949 2029 vel

1201 2044 1370 2100 pollen.
1405 2043 1615 2088 hodierni
1645 2043 1810 2088 Graeci
1826 2044 1949 2087 lacte

1202 2110 1249 2147 ct
1312 2102 1460 2146 farina
1522 2104 1676 2146 tritica
1718 2103 1948 2158 saginant,

1202 2163 1354 2207 Ser-en.
1399 2162 1582 2207 Samon.
1627 2162 1728 2205 535.
1762 2161 1948 2206 furfure.

1201 2222 1382 2265 -lac
1415 2222 1759 2278 siligineum
1803 2235 1836 2264 s.
1872 2222 1949 2265 si-

1201 2282 1423 2337 lignum
1457 2286 1528 2325 est
1560 2280 1774 2336 siliginea
1802 2279 1950 2323 farina

1199 2341 1420 2383 nutritum
1465 2345 1513 2384 et
1547 2340 1754 2383 mixtum.
1787 2339 1847 2382 ad
1879 2352 1945 2382 ar-

1201 2406 1294 2442 tem
1328 2398 1554 2454 coquendi
1588 2397 1643 2442 cf.
1681 2398 1833 2442 Seren.
1868 2398 1947 2443 Sa-

1200 2472 1320 2502 mon.
1355 2459 1454 2501 319.
1493 2472 1600 2510 „seu
1633 2457 1849 2501 cochleas
1870 2471 1949 2501 un-

1202 2518 1272 2560 dis
1318 2516 1568 2561 calefactas
1611 2530 1667 2560 ac
1706 2517 1852 2571 probe
1884 2518 1949 2560 in-

1201 2581 1362 2620 unctas
1382 2577 1634 2632 suppositis
1648 2580 1827 2620 torrens
1843 2589 1948 2631 pru·-

1200 2636 1269 2679 nis
1316 2636 1517 2691 vinoque
1559 2647 1765 2691 garoque
1796 2634 1949 2689 perfu-

1200 2707 1276 2739 sas
1310 2707 1437 2750 cape,
1470 2694 1554 2739 sed
1585 2694 1778 2749 prodest
1801 2694 1948 2750 magis

1201 2767 1302 2798 esse
1334 2753 1577 2804 marinas“‚
1620 2757 1671 2796 ut
1713 2753 1821 2807 lego
1862 2766 1947 2808 pro

1204 2825 1375 2868 „prope
1393 2813 1598 2856 iunctas“
1633 2812 1708 2855 vel
1744 2825 1835 2866 „plu
1855 2812 1948 2855 vic-

1200 2874 1318 2923 tas“‚
1368 2876 1416 2915 et
1462 2870 1660 2915 Marcell.
1710 2870 1843 2926 Emp.
1876 2871 1947 2914 20.

1199 2945 1243 2986 p.
1281 2929 1377 2973 114.
1412 2943 1451 2973 a.
1488 2931 1558 2974 ed.
1593 2930 1706 2973 Ald.
1751 2935 1947 2982 „stoma—

1202 2989 1287 3034 cho
1336 2990 1567 3034 laboranti
1615 2989 1801 3034 cocleae
1842 3002 1946 3045 pro-
