2098 3470
337 298 407 353 24
996 300 1247 348 Praefatio.

334 434 691 501 roccambole,
748 433 1365 503 schlangenknoblauch,
1419 437 1483 492 cf.
1541 440 1803 509 Sprengel
1852 442 1923 495 ad

335 522 675 593 Theophrast
723 524 771 590 7,
798 524 850 591 4,
881 525 928 577 7.
954 542 1006 595 p.
1037 525 1159 578 259.
1207 526 1512 596 „apiperm“
1546 533 1625 582 est
1643 529 1920 601 apirinum,

336 611 634 679 apyrinum,
675 613 853 665 vinum
895 629 924 667 e
963 613 1115 666 malis
1149 615 1353 682 punicis
1388 633 1526 683 quae
1559 619 1777 672 nucleos
1808 620 1920 673 nul-

330 700 411 753 los
462 700 494 755 i.
537 718 566 754 6
624 701 795 755 minus
834 702 1072 769 lignosos
1111 703 1326 772 habent,
1376 705 1641 777 Theophr.
1685 709 1735 774 2,
1778 709 1828 775 2,
1869 710 1919 763 5.

330 790 385 857 4,
430 791 514 856 13,
557 791 606 845 2.
649 790 849 844 Colum.
892 791 943 858 5,
990 793 1073 858 10,
1120 792 1201 845 15.
1246 792 1314 846 (16
1355 795 1512 848 arbor
1564 797 1651 863 23,
1698 797 1741 848 1.
1785 797 1919 851 Plin.

336 880 421 946 13,
469 880 589 932 112.
633 879 823 934 Senec.
868 897 933 949 ep
994 879 1080 948 85,
1123 882 1171 934 5.
1215 881 1507 953 Geoponic.
1554 886 1636 951 10,
1673 886 1757 937 31.
1803 885 1918 939 Sal-

331 985 462 1024 mas,
502 969 626 1038 Hyl.
668 968 834 1023 iatric.
870 987 920 1038 p.
959 987 1025 1024 m.
1057 972 1184 1024 200.
1226 987 1259 1023 3
1298 971 1354 1024 Β.
1398 971 1469 1024 ad
1507 974 1688 1027 tertias
1729 974 1919 1029 decoc-

329 1062 455 1123 tum,
491 1055 675 1133 ῥοΐτης
697 1057 853 1110 Plinii
890 1058 972 1126 14,
1006 1060 1123 1112 103.
1156 1059 1335 1114 Βίο86.
1361 1060 1410 1126 5,
1441 1061 1526 1113 34.
1566 1063 1681 1116 coll.
1716 1064 1765 1130 ’1,
1798 1065 1917 1119 151.

327 1151 384 1198 ut
441 1163 470 1200 e
522 1147 675 1200 malis
725 1147 982 1215 cydoneis
1033 1148 1196 1201 fiebat
1233 1146 1538 1220 κυδωνίτης,
1578 1146 1920 1219 κυδωνόμελι,

332 1234 612 1290 defrictum
664 1235 733 1290 de
788 1236 1024 1290 cotoneis
1075 1237 1224 1305 Apic.
1269 1237 1355 1291 51.
1407 1238 1471 1291 cf.
1515 1239 1811 1295 Schneider
1850 1243 1920 1296 ad

327 1324 532 1378 Pallad.
580 1326 665 1391 11,
708 1326 793 1379 20.
849 1326 1190 1394 emplastrum
1244 1344 1311 1379 ex
1359 1344 1600 1396 apyreno
1641 1347 1726 1399 ap.
1769 1332 1918 1385 Paul.

330 1413 521 1482 Aegin.
567 1415 617 1482 7,
664 1415 745 1468 17.
788 1432 983 1467 nomen
1022 1414 1187 1468 habet
1225 1433 1257 1467 a
1289 1416 1535 1484 palmulis
1570 1434 1664 1472 seu
1692 1418 1918 1488 dactylis

328 1503 551 1557 nicolais
580 1508 631 1557 et
658 1503 872 1574 palmae
897 1504 1178 1558 cerebello,
1224 1521 1321 1573 „ac
1342 1505 1572 1558 midula“
1606 1523 1723 1560 esse
1752 1508 1915 1576 amig-

331 1591 455 1645 dala
489 1592 837 1646 certissimum
878 1598 972 1646 est.
1004 1591 1070 1646 cf.
1096 1592 1165 1644 ad
1195 1592 1281 1645 53.
1361 1593 1491 1646 Cum
1529 1594 1609 1648 his
1651 1598 1916 1667 excerptis

326 1682 517 1749 iunges
556 1680 690 1735 haec
732 1681 981 1734 Salmasii
1012 1681 1242 1734 Exercit·
1284 1699 1336 1750 p.
1368 1683 1489 1736 900.
1520 1701 1552 1735 a
1605 1685 1721 1753 „De
1762 1685 1915 1738 semi-

323 1772 478 1825 nibus
519 1770 651 1825 hoc:
693 1787 949 1839 papaver,
992 1787 1175 1825 semen
1198 1775 1365 1838 rutae,
1408 1772 1544 1825 baca
1573 1778 1739 1841 rutae,
1780 1775 1917 1828 baca

323 1860 474 1927 lauri,
518 1876 701 1914 semen
736 1860 895 1927 aneti,
936 1876 1120 1913 semen
1147 1858 1414 1927 foeniculi,
1456 1876 1640 1914 semen
1666 1861 1914 1937 ligustici,

324 1965 511 2003 semen
553 1966 763 2016 erucae,
806 1965 991 2003 semen
1031 1947 1326 2002 coriandri“
1374 1953 1425 2001 et
1452 1967 1505 2019 p.
1538 1950 1658 2004 750.
1706 1953 1915 2021 „brevis

322 2037 675 2108 pimentorum
727 2055 864 2107 quae
914 2038 970 2090 in
1023 2038 1179 2091 domo
1235 2055 1352 2092 esse
1406 2039 1604 2093 debent
1642 2050 1697 2094 ut
1736 2042 1914 2095 condi-

325 2131 503 2180 mento
543 2127 673 2180 nihil
722 2127 886 2182 desit:
943 2144 1171 2194 crocum,
1222 2127 1393 2196 piper,
1446 2128 1699 2196 zingiber,
1752 2131 1913 2198 lasar,

323 2214 524 2282 folium,
580 2217 718 2269 baca
765 2216 1027 2283 murrhae,
1083 2221 1301 2283 costum,
1356 2217 1705 2286 cariofyllum,
1764 2220 1915 2288 spica

324 2304 518 2371 indica,
561 2304 791 2372 addena,
829 2306 1240 2372 cardamomum,
1265 2305 1416 2373 spica
1436 2307 1641 2374 nardi“,
1685 2308 1771 2361 ubi
1801 2309 1912 2361 viro

325 2392 482 2445 docto
517 2393 747 2446 maxime
786 2394 974 2445 mirum
1025 2393 1234 2446 videtur
1272 2394 1476 2462 spicam
1522 2396 1676 2448 nardi
1719 2402 1770 2450 et
1808 2398 1912 2468 spi-

327 2498 445 2534 cam
483 2481 717 2535 indicam
756 2483 918 2535 veluti
949 2482 1187 2535 diversas
1211 2484 1495 2550 recenseri,
1537 2502 1700 2552 quare
1727 2486 1913 2553 reponi

324 2571 436 2624 vult
476 2570 682 2624 celtica,
735 2570 861 2639 quid
910 2571 977 2623 sit
1028 2571 1243 2624 addena
1294 2589 1379 2625 me
1418 2573 1562 2626 latet.
1604 2573 1733 2625 haut
1773 2574 1912 2625 enim

324 2658 641 2724 crediderim
681 2658 967 2726 legendum
1017 2677 1136 2713 esse
1176 2660 1378 2713 adorea
1416 2662 1502 2714 vel
1539 2666 1688 2713 atera
1726 2661 1911 2715 athera

314 2739 516 2818 ιῖθήρα,
545 2740 725 2819 ἇθάρα
752 2748 992 2803 Βίο8οοι·.
1016 2750 1065 2815 2,
1093 2750 1209 2801 114,
1237 2750 1302 2802 31.
1326 2749 1463 2802 forte
1486 2750 1630 2803 casia
1650 2767 1690 2803 8.
1717 2751 1906 2804 cassia.

428 2836 562 2889 Huic
601 2836 837 2904 praemio
878 2854 985 2889 non
1023 2837 1193 2890 minus
1225 2838 1479 2891 addidisti
1504 2843 1627 2892 ante
1656 2839 1788 2892 duos
1816 2858 1906 2892 an-

316 2941 412 2977 nos
465 2924 706 2978 codicem
746 2925 1080 2979 florentinum
1120 2926 1263 2997 (cod.
1295 2928 1365 2979 20
1423 2928 1553 2997 plut.
1595 2929 1678 2981 73.
1722 2929 1906 2982 biblio-
