2098 3470
666 315 766 360 Lib.
796 314 919 360 Vm.
954 314 1200 371 Tetrapus.
1616 314 1721 368 179

245 451 369 504 387
411 451 485 502 In·
524 450 843 534 porcello
882 449 1230 502 lactente·
1271 448 1477 519 piperis
1515 464 1635 502 unc.
1675 449 1718 501 I.

134 526 241 577 vini
282 525 526 608 eminam,
581 524 685 577 olei
725 523 910 625 optimi
945 523 1300 590 acetabulum,
1355 522 1496 575 aceti
1543 526 1721 575 aceta-

135 600 312 652 bulum
352 598 536 649 minus.
957 627 961 630 -

245 673 369 724 388.
410 671 806 724 Porcellum
836 668 1390 722 coriandratum:
1422 685 1574 723 assas
1601 687 1721 738 por-

135 746 327 799 cellum
361 746 658 811 diligenter.
708 743 875 797 facies
923 743 1227 795 mortarium
1275 743 1473 796 siccum
1520 743 1575 796 in
1616 760 1720 810 quo

133 824 272 872 teres
319 818 506 889 piper,
543 822 773 883 anetum,
829 817 1121 884 origanum,
1177 816 1513 870 coriandrum
1552 817 1721 870 viride

134 893 416 958 admisceS,
469 892 590 958 mel,
643 892 839 976 vinum,
897 891 1180 958 liquamen,
1243 891 1432 958 oleum,
1493 895 1720 959 acetum,

135 966 428 1020 defrictum.
481 971 614 1018 haec
662 965 840 1018 omnia
892 963 1154 1019 calefacta
1201 963 1492 1033 perfundes
1541 973 1594 1019 et
1641 982 1723 1018 as-

134 1040 317 1111 paigis
348 1055 504 1092 uvam
537 1055 770 1109 passam,
811 1039 1031 1093 nucleos
1066 1041 1257 1141 pineos
1292 1044 1344 1092 et
1377 1056 1567 1110 cepam
1601 1056 1724 1092 con-

135 1115 298 1168 cisam
339 1118 391 1168 et
430 1114 507 1167 sic
543 1113 758 1167 inferes

245 1189 385 1242 389.
429 1188 826 1241 Poicellum
866 1203 1039 1241 aeno
1092 1190 1389 1241 coctum:
1432 1187 1725 1255 porcellum

135 1262 386 1334 accipies,
428 1262 658 1330 ornabiS,
701 1278 907 1332 coques
932 1262 989 1315 in
1022 1262 1229 1316 oleo'et
1258 1260 1564 1328 liquamine.
1607 1262 1725 1316 cum

135 1410 335 1463 salzcn“,
371 1410 534 1465 „salis“
555 1413 628 1455 est
655 1422 883 1466 sempers.

137 1476 187 1516 et
221 1473 496 1527 „quantum“
532 1470 560 1513 i
595 1482 636 1526 q.
671 1470 718 1514 in
751 1483 809 1526 qs
833 1493 884 1500 —-

136 1531 191 1574 in
235 1535 377 1574 ante
390 1529 584 1584 „“ollam
633 1543 720 1574 om.
757 1529 885 1585 quin—

138 1602 239 1646 que.
274 1588 329 1632 cf.
363 1563 463 1632 4”19.
500 1614 552 1618 —-
586 1588 885 1639 siccumssrr

137 1644 209 1694 ed.
238 1661 318 1704 ·.pr
362 1648 405 1691 H
462 1645 585 1692 forte
616 1660 788 1699 verum,
827 1646 883 1690 cf.

138 1708 237 1752 245.
250 1708 370 1751 380.
403 1707 504 1751 376
529 1732 583 1739 -
618 1707 772 1750 malim
807 1706 885 1750 de-

137 1769 274 1823 nique
305 1767 468 1818 salso
500 1771 798 1817 recentem
824 1765 884 1811 ab

137 1828 239 1882 ipso
273 1826 411 1877 salso,
443 1830 496 1869 ut
525 1825 675 1869 Varro
710 1826 751 1877 2,
784 1825 825 1876 8,
845 1826 885 1867 2.

139 1886 258 1930 dixit
287 1885 466 1941 „pullus
484 1897 512 1928 a
529 1889 666 1940 partu
682 1887 886 1936 recens‘f,

139 1945 234 1990 Cic.
267 1945 329 1988 ad
372 1943 476 1988 Att.
513 1945 582 1995 16,
618 1944 735 1998 7111.
781 1942 886 1997 „ho-

141 2005 285 2048 mines
308 2003 460 2047 Roma
489 2006 742 2054 recentes“,
774 2003 888 2047 Ver-

139 2063 218 2120 gil.
252 2064 293 2114 6,
310 2061 410 2106 450.
448 2076 632 2116 „recens
655 2062 888 2106 avulnere

141 2122 308 2178 Dido‘f.
341 2120 521 2178 ’τάριχον
553 2123 796 2177 ἧμι’νηρον,,
819 2121 891 2165 cui

142 2181 393 2238 opponitur
435 2182 601 2230 τέλειος,
643 2180 787 2225 habes
816 2193 889 2236 ap.

141 2240 313 2286 Athen.
334 2242 376 2292 3,
391 2240 471 2295 85.
484 2241 553 2283 88.
575 2240 632 2284 de
650 2240 774 2284 salso
791 2241 899 2283 109.>

231 2300 292 2343 ad
309 2300 406 2344 387.
433 2313 533 2343 cum
551 2299 782 2355 porcellus
799 2298 892 2343 lac-

142 2365 244 2405 tens
277 2359 320 2402 h.
339 2359 379 2409 l„
402 2364 698 2410 memoretur,
733 2371 892 2403 omnes

144 2418 405 2474 superiores
422 2419 703 2462 maiusculae
720 2418 892 2463 bestio-

145 2478 218 2522 lae
253 2475 408 2521 .fuisse
456 2477 684 2521 videntur.
735 2503 788 2508 —
837 2477 894 2520 in

146 2550 233 2580 om.
269 2535 392 2582 florr.
428 2561 481 2568 --
524 2536 793 2588 lactante
825 2540 892 2591 [5²7.

146 2596 424 2640 lactente
484 2596 622 2639 etiam
681 2595 755 2638 in*
790 2595 894 2639 cod.

145 2655 332 2699 salmas.
355 2656 453 2698 391.
478 2654 709 2707 „lactans“
732 2660 897 2699 contra

145 2715 192 2758 in
224 2714 376 2759 Edict.
409 2714 558 2757 Diocl.
593 2714 634 2765 4,
667 2713 739 2758 46.
773 2713 895 2758 facio

148 2787 249 2818 cum
281 2773 497 2818 Simeone
529 2773 659 2818 Sethi
685 2773 761 2829 qui
783 2774 897 2830 dicit

147 2833 365 2888 porculos
418 2846 578 2877 recens
626 2839 764 2877 natos
813 2847 897 2877 suo

148 2898 357 2947 tempore
383 2892 776 2940 λακτεντοπούλους
797 2906 898 2937 esse

150 2951 302 2995 dic-tos
337 2955 384 2994 et
427 2965 527 2995 cuni
571 2953 742 3008 Papia:
779 2953 896 3005 „lac-

976 1414 1081 1454 tans
1113 1421 1232 1466 quae
1274 1408 1349 1454 lac
1389 1408 1599 1464 praebet,
1633 1408 1726 1454 lac-

976 1474 1079 1513 tens
1137 1469 1211 1513 cui
1266 1468 1562 1524 praebet11r“,
1618 1469 1727 1513 inde

975 1528 1199 1572 lactantia
1239 1528 1339 1572 306.
1383 1527 1614 1573 lactantes
1639 1541 1727 1583 ,pa-

976 1584 1117 1643 pillae
1174 1599 1246 1642 ap.
1308 1586 1498 1631 Cinnam
1559 1587 1727 1631 Isidori

979 1647 1047 1698 19,
1078 1647 1152 1697 33,
1184 1648 1226 1690 3.
1260 1646 1405 1690 ubera
1427 1646 1654 1689 lactantia
1682 1651 1730 1690 et

976 1706 1200 1750 lactentia
1256 1717 1330 1761 ap.
1388 1704 1545 1750 Seren.
1606 1705 1729 1749 Sam.

932 1809 934 1814 ,
977 1765 1081 1812 349.
1127 1769 1175 1809 et
1214 1764 1282 1808 sic
1324 1764 1421 1822 fere
1460 1764 1729 1820 scriptores,

977 1824 1083 1868 libri
1117 1828 1242 1869 certe
1274 1826 1459 1868 variant
1491 1829 1539 1868 et
1580 1824 1730 1869 edito-

978 1897 1066 1928 res.
1098 1907 1156 1914 -
1187 1883 1376 1927 minus
1409 1884 1509 1927 241.

1067 1942 1129 1986 ad
1174 1943 1276 1986 388.
1347 1955 1404 1986 ea
1451 1942 1731 1998 compositio

980 2016 1082 2046 cum
1124 2014 1252 2058 seqq.
1298 2001 1359 2045 ad
1400 2002 1501 2046 394.
1545 2014 1603 2046 ex
1642 2002 1732 2044 Ex-

981 2064 1124 2117 cerpt.
1168 2061 1272 2105 cod.
1323 2061 1511 2105 salmas.
1565 2061 1733 2105 corio

981 2122 1037 2164 in
1050 2125 1203 2164 strat
1216 2134 1301 2164 um
1334 2120 1393 2164 ab
1412 2120 1616 2176 asparsis
1634 2120 1734 2175 plu-

982 2180 1109 2224 ribus
1141 2179 1278 2224 rebus
1310 2192 1395 2234 pro
1430 2180 1531 2224 cod.
1576 2192 1734 2235 porc.

983 2239 1384 2283 coriandratu
1439 2238 1733 2283 scribendum

984 2298 1092 2343 olim
1127 2299 1297 2342 censui.
1341 2298 1408 2342 sic
1442 2297 1735 2342 coriandrum

982 2358 1130 2402 viride
1175 2371 1313 2413 super
1356 2357 1622 2413 aspergitur
1664 2357 1734 2400 83.

984 2417 1088 2462 coll.
1133 2418 1232 2468 179,
1276 2418 1378 2462 292.
1421 2442 1475 2447 ——
1519 2417 1736 2460 siccum

985 2476 1148 2531 scripsi
1179 2489 1264 2531 pro
1298 2476 1382 2520 sic
1424 2479 1477 2520 ut.
1507 2476 1569 2519 sit
1611 2475 1739 2531 quod

984 2536 1218 2591 mundum,
1246 2548 1424 2590 purum,
1442 2535 1560 2579 bene
1591 2535 1737 2579 lotum

986 2609 1044 2639 cx
1086 2595 1185 2639 Cat.
1233 2594 1301 2638 74.
1346 2594 1465 2639 bene
1519 2594 1738 2638 emunda-

986 2659 1098 2705 tum,
1143 2653 1319 2698 Colum.
1365 2655 1434 2706 12,
1478 2654 1549 2705 57,
1596 2656 1633 2696 1.
1683 2653 1740 2700 εἷς

988 2716 1136 2755 θυείαν
1168 2712 1361 2769 καθαρὰν
1402 2717 1565 2769 τρίψον
1597 2712 1740 2770 Chry·

988 2773 1104 2830 sipp.
1140 2785 1212 2828 ap.
1247 2772 1422 2817 Athen.
1460 2772 1530 2824 14,
1563 2772 1634 2816 57.

1079 2831 1139 2876 ad
1157 2833 1258 2876 389.
1286 2833 1343 2876 in
1367 2835 1618 2876 occuctu
1637 2832 1738 2875 cod.

989 2893 1035 2935 in
1065 2892 1196 2937 brevi
1220 2892 1440 2943 ciborum,
1474 2904 1584 2935 uno
1618 2904 1741 2935 ooc-

990 2956 1050 2995 to
1081 2952 1125 2995 in
1160 2952 1309 2995 lemm.
1331 2951 1391 2995 ad
1424 2951 1525 2995 381.
1546 2975 1593 2980 -
1619 2952 1741 2994 mit·
