2098 3470
331 322 402 374 22
1010 318 1259 365 Praefatio,

330 454 588 522 „stinaca
633 469 770 521 cepa
798 454 1086 508 ascalonia.
1127 454 1336 509 radices
1362 454 1517 508 iunci.
1549 460 1686 509 anet.
1727 455 1917 527 puleiu.

328 550 603 618 „ciperum
644 545 767 599 alin.
810 561 1019 613 ospera.
1058 562 1318 600 samsucu.
1363 546 1544 599 innula
1589 546 1759 617 ssspin.
1809 565 1919 601 car-

329 638 630 706 „damomm
690 636 788 708 De
821 635 1220 704 liquoribus
1259 635 1415 689 hoc:
1456 636 1577 702 mel,
1615 634 1809 688 defritu
1835 653 1919 690 ca-

328 727 481 794 „rinu
502 726 742 797 apiperm
776 739 953 791 passu,
1015 724 1063 776 D
1082 741 1110 778 e
1138 742 1170 776 n
1189 741 1219 776 u
1237 725 1412 778 cleis
1439 724 1588 778 hoc:
1620 741 1784 778 nuces
1810 743 1918 779 ma-

330 815 506 884 „iores
544 814 731 868 nuclos
757 813 946 882 pineos
975 830 1039 867 ac
1067 812 1281 867 midula.
1324 815 1392 866 ab
1429 813 1622 867 allana.
1683 815 1778 868 De
1811 831 1917 883 po-

329 905 490 974 ‚‚mis
518 903 737 959 siccis
764 902 920 958 hoc:
961 903 1315 956 Damascena.
1349 902 1556 956 datilos.
1598 919 1702 955 uva
1734 919 1913 971 passa.

328 998 606 1062 „granata
648 994 796 1047 Haec
825 992 1000 1045 omnia
1023 991 1077 1043 in
1103 992 1220 1044 loco
1256 990 1398 1044 sicco
1427 1008 1567 1061 pone
1594 1008 1663 1044 ne
1699 990 1916 1045 odorem

328 1087 421 1151 „et
457 1083 703 1137 virtutem
742 1080 986 1151 perdant.
1043 1079 1277 1133 Brevis
1319 1080 1659 1147 cyborum.
1713 1081 1754 1133 Ι.
1787 1080 1917 1134 Cac-

328 1172 559 1240 „cabina
584 1172 803 1224 minore.
845 1171 914 1224 ΙΙ.
938 1168 1228 1223 caccabina
1253 1168 1424 1222 fusile.
1485 1170 1582 1220 III.
1609 1168 1795 1222 ofellas
1824 1186 1915 1236 ga-

328 1265 530 1328 „ratas
571 1262 696 1314 IIII.
729 1259 917 1314 ofellas
945 1274 1110 1312 assas.
1152 1258 1214 1311 V.
1232 1257 1385 1310 aliter
1413 1256 1616 1310 ofellas
1667 1257 1755 1310 VI.
1787 1256 1915 1309 ofel-

334 1351 448 1417 ⁷‚las
477 1355 681 1418 graton.
741 1349 859 1402 VII.
891 1347 1068 1416 pisces
1097 1346 1405 1414 scorpiones
1438 1346 1725 1413 rapulatus
1768 1333 1912 1398 VIII.

330 1438 544 1507 „pisces
559 1438 740 1491 frixos,
760 1437 1135 1502 cuiuscumque
1152 1434 1381 1501 generis.
1414 1433 1586 1486 VIIII.
1603 1435 1726 1487 item
1743 1433 1919 1502 pisces

330 1526 552 1593 „frixos
595 1527 663 1580 X.
681 1526 858 1597 pisces
875 1541 1040 1578 assos.
1082 1525 1178 1577 XI.
1207 1523 1384 1591 pisces
1410 1521 1755 1588 inotogo-non.
1796 1522 1916 1576 XII.

328 1615 571 1682 „sardas
630 1615 782 1668 XIII.
813 1614 937 1667 item
967 1612 1144 1681 pisces
1171 1612 1513 1678 inotogonon.
1573 1611 1753 1663 XIIII.
1789 1612 1918 1663 mul-

328 1702 446 1770 „los
474 1708 735 1758 anetatos.
796 1690 913 1756 XV.
943 1702 1096 1756 aliter
1121 1701 1326 1754 mullos.
1392 1699 1522 1751 XVI
1579 1715 1827 1752 murenas
1869 1704 1921 1753 et

332 1792 651 1860 „anguillas
711 1792 882 1845 XVII.
906 1791 1139 1844 lucustas
1180 1794 1232 1843 et
1270 1788 1510 1855 isquillas
1591 1788 1789 1841 XVIII.
1813 1789 1918 1857 pis-

333 1898 463 1948 „ces
493 1881 678 1935 elixos.
731 1880 960 1934 XVIIII.
989 1879 1464 1948 patinas'oborum.
1524 1876 1646 1928 XX.
1681 1877 1918 1945 porcello

331 1953 724 2035 „coriandratm
768 1968 918 2021 XXI.
941 1968 1179 2037 porcello
1206 1966 1261 2018 in
1296 1970 1532 2019 occuctU.
1591 1966 1769 2018 XXII.
1799 1982 1918 2034 por-

328 2057 501 2123 „cello
520 2074 582 2111 eo
591 2057 730 2126 jure.
762 2057 924 2110 XXII
929 2057 968 2109 Ι.
986 2057 1222 2125 porcello
1239 2061 1436 2124 tymmo
1454 2072 1659 2125 crapsu.
1683 2056 1916 2109 XXIIII.

330 2147 608 2216 „porcellu
629 2162 903 2200 exozome.
945 2146 1115 2198 XXV.
1158 2145 1397 2213 porcellu
1423 2145 1674 2198 lasaratu.
1718 2145 1916 2198 XXVI.

328 2235 605 2302 „porcellu
618 2235 865 2305 juscella.
919 2234 1146 2287 XXVII.
1187 2250 1332 2301 agnu
1354 2232 1608 2301 simplice.
1662 2233 1916 2285 XXVIII.

327 2322 624 2389 „haedulas
659 2329 828 2377 aratu,
907 2323 1190 2376 XXVIIII.
1232 2321 1415 2374 turdos
1456 2339 1489 2374 a
1526 2326 1689 2390 ponto
1716 2337 1916 2374 menos.

327 2411 540 2477 „XXX.
567 2417 811 2465 turtures.
873 2412 1077 2465 XXXI.
1101 2411 1182 2464 ius
1221 2410 1275 2462 in
1314 2409 1577 2478 perdices,
1607 2441 1673 2447 —-
1715 2411 1755 2462 I.
1788 2402 1918 2463 Cac-

327 2499 557 2564 „cabina
577 2500 795 2553 minore.
822 2501 969 2554 olera
990 2499 1218 2554 diversa.
1244 2498 1399 2552 elixa.
1429 2500 1748 2568 compone,“
1782 2514 1918 2565 quae

326 2592 446 2639 sunt
484 2588 691 2657 reliqua
728 2588 929 2641 inserta
966 2604 1106 2640 nunc
1146 2587 1313 2641 habes
1358 2587 1490 2639 locis
1529 2588 1606 2640 rei
1645 2586 1916 2653 proximiS‚

326 2680 446 2727 sunt
498 2680 676 2729 autem
732 2678 851 2729 119.
908 2676 1027 2729 120.
1087 2674 1394 2729 153—165.
1438 2675 1747 2729 255—257.
1790 2676 1914 2727 270.

326 2764 447 2815 370.
481 2764 604 2817 375.
642 2764 952 2817 3802—394.
995 2763 1084 2816 ubi
1123 2762 1401 2816 adhibebis
1440 2767 1595 2815 notas
1633 2763 1687 2815 in
1728 2763 1915 2831 quibus

324 2852 632 2919 aenigmata
671 2853 880 2906 solvere
928 2851 1127 2904 tentavi
1158 2851 1273 2903 istis
1323 2850 1589 2919 excerptis
1642 2843 1779 2919 quae
1828 2851 1915 2902 tri-

327 2939 478 3006 ginta
529 2957 692 2994 unam
746 2938 1159 3010 compositiones
1211 2937 1481 2993 continent
1537 2938 1774 3009 ApiciuS,
1828 2938 1917 3008 qui
1947 2979 1952 2981 >
