2098 3470
633 272 734 319 Lib.
766 271 845 318 IV.
879 272 1165 318 -Pandectes.
1611 272 1678 326 67

291 450 557 520 Incipit
594 449 795 519 Apici
836 448 1032 502 Caeli
1071 448 1480 517 pandectes,

762 583 893 635 LIB.
934 581 1026 636 IV.

211 715 333 768 116.
387 714 551 766 Sala
591 713 929 767 cottabia:
983 714 1153 782 piper,
1193 718 1444 781 mentam,
1485 714 1683 784 apium,

95 788 329 858 puleium
366 787 587 854 aridum,
630 788 846 855 casiam,
886 789 1105 841 nucleos
1144 787 1352 856 pineOS‚
1399 788 1521 855 mel,
1563 805 1684 843 ace-

95 868 220 929 tum,
260 862 544 928 liquamen,
587 877 806 913 ovorum
844 861 1039 917 vitella.
1086 878 1243 929 quam
1283 867 1554 916 recentem
1591 879 1686 931 pa-

96 953 218 989 nem
258 952 326 989 ex
362 951 530 1003 posca
569 940 895 988 maceratum
936 934 1219 1005 exprimes,
1267 952 1483 989 caseum
1523 937 1686 990 bubu-

95 1011 219 1077 lum,
263 1025 567 1062 cucumeres
605 1009 661 1061 in
701 1010 990 1063 caccabnlo
1047 1026 1319 1078 conpones
1359 1010 1684 1078 interpositis

97 1083 325 1150 ungulis,
365 1087 535 1136 mutes
577 1083 829 1136 concisim
864 1082 1104 1152 copadiis
1138 1083 1372 1152 porcinis
1406 1084 1481 1136 uti
1514 1083 1686 1138 iocus-

100 1158 230 1211 culis
269 1156 598 1224 gallinarum.
634 1157 720 1210 ius
752 1156 1058 1226 perfundes
1099 1174 1261 1227 super
1291 1156 1544 1226 frigidam
1580 1159 1686 1212 col-

98 1231 301 1285 locabis
341 1234 394 1283 et
430 1229 507 1284 sic
547 1247 804 1300 appones,

159 1362 222 1407 ad
242 1363 337 1405 116.
357 1362 689 1418 pandecter
707 1363 846 1409 codd.

101 1421 353 1466 medicinae
420 1421 674 1476 pandectas
735 1423 850 1466 Mat-

101 1480 263 1524 thaeus
316 1479 580 1537 Sylvaticus
638 1485 686 1524 et
737 1482 848 1525 iuris

100 1538 353 1595 pandectas
405 1539 594 1583 vocavit
635 1539 849 1583 Iustinia-

100 1611 198 1642 nus.
261 1597 371 1642 Tiro
418 1598 463 1641 in
504 1598 733 1653 pandecte
773 1611 846 1654 ap.

104 1656 277 1701 Charis.
297 1658 338 1708 2,
359 1656 457 1700 134.
478 1655 534 1700 cf.
568 1657 683 1701 Plin.
702 1655 847 1713 praef.

102 1720 247 1759 natur.
291 1715 398 1760 hist.
441 1720 476 1768 ξ.
509 1716 580 1759 23.
624 1716 739 1761 Gell.
777 1717 846 1768 13,

103 1776 143 1826 9,
182 1775 222 1818 3.
266 1774 489 1830 Ducange
528 1775 582 1818 T.
614 1775 657 1819 V
698 1789 740 1831 p.
774 1775 846 1819 48.

103 1857 158 1864 -—
212 1833 338 1877 sala
385 1834 654 1878 cattabia
711 1835 849 1880 codd.

103 1892 492 1936 salacacabia
551 1906 667 1938 corr.
714 1894 849 1937 Hum.

105 1964 222 2006 quae
254 1951 345 1994 sint
386 1951 658 2003 ἇλοκακάβια,
702 1951 848 1992 omum}

104 2008 150 2050 ἓν
206 2010 402 2064 κακκάβῳ
461 2009 681 2066 βρώματα,
729 2012 853 2055 salsa

105 2069 437 2119 caccabnlaria,
469 2069 650 2113 salsitia
669 2071 851 2126 quaein

106 2127 315 2172 caccabis
348 2132 618 2183 coquantur,
658 2129 748 2173 cibi
780 2141 851 2173 sa·

104 2187 175 2230 liti
191 2187 237 2229 in
255 2187 359 2230 ollis
379 2187 514 2238 cocti,
538 2186 851 2232 kachelsulze.

105 2259 254 2290 meum
299 2246 578 2289 cottabia
622 2248 852 2302 explican-

107 2305 214 2348 dum
256 2317 313 2348 ex
353 2304 434 2348 illo
475 2306 653 2349 cottabi
684 2319 853 2362 genere

107 2376 181 2419 ap.
213 2361 384 2407 Athen.
422 2363 491 2414 15,
520 2364 560 2408 6,
594 2364 748 2408 Schol.
768 2366 854 2408 Lu-

109 2422 295 2466 ciamT.
315 2421 368 2465 V.
403 2434 448 2477 p.
465 2422 565 2466 334.
601 2423 676 2470 ed.
693 2423 851 2468 Lehm.

107 2481 153 2524 in
186 2494 276 2536 quo
310 2481 520 2525 similiter
559 2482 854 2526 acetabulum

107 2539 288 2583 innatat
329 2551 478 2595 aquae
521 2540 567 2583 in
599 2541 757 2596 pelvin
788 2542 854 2585 in-

108 2596 252 2643 fusae.
287 2596 343 2641 cf.
371 2598 536 2643 Iacobs
554 2599 708 2643 Verm.
727 2599 855 2645 Schr.

109 2656 186 2701 VI.
205 2671 248 2713 p.
270 2657 368 2701 113.
386 2670 512 2714 seqq.
545 2658 696 2703 Osann
713 2659 853 2704 Beitr.

112 2729 149 2758 z.
191 2715 361 2760 literat.
410 2717 447 2759 1.
492 2730 534 2772 p.
581 2719 680 2762 111.
713 2718 857 2763 verba

117 2774 272 2829 „piper
303 2800 358 2806 —-
389 2775 577 2820 vitella“
613 2777 683 2821 ius
712 2778 856 2822 conti-

57 2879 70 2884 ,
113 2838 224 2876 nent
255 2833 379 2889 quod
408 2832 547 2889 supra
562 2848 762 2880 massam
780 2837 857 2881 de-

116 2891 332 2946 scriptam
374 2891 579 2938 funditur
616 2899 858 2952 totumque

937 1367 1176 1420 postremo
1220 1376 1358 1419 super
1389 1361 1562 1420 frigida
1593 1363 1688 1409 col-

938 1424 1133 1474 locatur,
1177 1422 1223 1465 in
1265 1423 1394 1467 cuius
1426 1422 1580 1467 locum
1610 1423 1688 1467 nix

938 1482 1023 1526 sub
1067 1494 1151 1525 ora
1192 1482 1455 1538 aspergitur
1497 1482 1597 1533 117,
1639 1487 1692 1526 ut

937 1542 984 1585 in
1027 1552 1082 1584 ea
1120 1544 1284 1585 natare
1317 1541 1545 1585 videatur.
1588 1541 1692 1585 sala

937 1599 1001 1643 nil
1053 1603 1214 1655 potest
1266 1613 1367 1644 esse
1410 1600 1498 1644 nisi
1547 1600 1688 1653 salsa,

938 1658 1235 1709 salsamenta,
1293 1658 1518 1715 salgama‚
1569 1660 1691 1704 unde

938 1722 1147 1762 nostrum
1176 1717 1302 1762 sulze
1323 1718 1419 1761 109.
1456 1730 1548 1774 qua
1569 1731 1619 1763 re
1637 1731 1694 1763 ea

939 1777 1100 1832 patina
1133 1777 1341 1821 converti
1372 1780 1533 1832 potest
1564 1778 1694 1822 sulze

940 1836 1002 1879 im
1035 1835 1284 1880 eisbecken
1317 1839 1364 1880 et
1391 1835 1590 1881 conferri
1610 1837 1692 1881 ho-

942 1895 1103 1938 dierna
1119 1895 1343 1950 galatina,
1364 1895 1603 1940 Gallorum
1615 1909 1694 1952 ge-

942 1954 1026 1997 lee.
1052 1979 1104 1984 —
1125 1954 1349 1997 casiam
1381 1967 1463 1998 seu
1482 1955 1694 2007 cassiam,

945 2012 1298 2057 cassienzimmt.
1313 2013 1490 2057 emend.
1505 2027 1590 2069 pro
1610 2027 1634 2058 c
1646 2026 1693 2056 a-

942 2084 1112 2115 seum.
1134 2096 1186 2100 —-
1207 2083 1370 2127 quam
1388 2085 1473 2127 pro
1492 2085 1696 2128 aquam

944 2134 1016 2174 est
1047 2143 1104 2173 ex
1135 2133 1177 2180 β.
1211 2155 1265 2159 —
1289 2132 1422 2186 panis
1454 2144 1600 2187 posca
1630 2132 1697 2174 in-

944 2187 1072 2232 fusus
1115 2200 1188 2243 ap.
1235 2188 1357 2233 Cael.
1403 2201 1499 2234 aur.
1540 2190 1695 2234 chron.

944 2250 985 2299 3,
1019 2248 1060 2292 2.
1094 2247 1122 2290 i.
1157 2260 1193 2291 e.
1228 2247 1444 2303 perfusus
1488 2249 1549 2293 ad
1584 2249 1697 2294 Gar-

945 2306 1025 2363 gil.
1058 2320 1101 2361 p.
1136 2306 1206 2349 41.
1247 2332 1300 2336 —
1344 2308 1585 2364 ungulis
1618 2322 1698 2352 un-

945 2365 1126 2422 gellis
1173 2367 1271 2409 182.
1317 2366 1416 2418 259,
1470 2367 1695 2411 trunculis

943 2438 1074 2469 suum
1107 2425 1271 2480 scripsi
1294 2438 1381 2480 pro
1413 2426 1612 2470 nuclis
1646 2430 1694 2470 et

944 2488 1135 2527 mutes
1184 2484 1471 2528 concisim
1519 2497 1701 2541 copa-

945 2542 1065 2586 diis
1097 2543 1301 2597 porcinis
1326 2543 1394 2587 uti
1416 2543 1446 2588 i.
1469 2557 1554 2599 pro
1575 2557 1699 2589 con-

947 2601 1056 2645 cisi
1114 2602 1328 2656 (concisis
1383 2603 1599 2658 capparis
1647 2603 1700 2656 ζ.)

947 2661 1154 2715 capari
1186 2661 1400 2705 minuti
1430 2662 1472 2705 i.
1509 2661 1565 2706 cf.
1601 2662 1700 2706 120.

951 2720 1048 2763 187.
1072 2723 1274 2774 „mutes“
1297 2721 1437 2764 etiam
1455 2721 1701 2766 restituen-

949 2778 1058 2823 dum
1094 2779 1193 2826 133.
1238 2785 1309 2823 est
1340 2784 1592 2835 permutes,
1636 2780 1702 2824 al-

948 2838 1090 2882 ternis
1133 2851 1295 2894 ponas,
1344 2839 1511 2892 varies,
1554 2840 1703 2884 varia-

919 2897 1031 2956 tim
1075 2911 1324 2954 compones
1369 2899 1467 2943 120.
1522 2902 1570 2944 et
1611 2899 1704 2944 ius
