2098 3470
296 305 327 360 8
969 302 1219 350 Praefatio,

300 444 352 493 et
392 457 513 493 meo
554 440 723 492 Marte
761 439 950 508 peregi
990 440 1133 507 quod
1173 440 1290 493 libri
1330 456 1436 493 non
1474 444 1773 508 potuerunt.
1816 440 1885 493 ad

303 528 604 598 depravata
658 532 710 581 et
762 533 1012 597 corrupta
1065 529 1348 583 connivere
1400 545 1505 581 non
1547 533 1627 582 est
1668 528 1885 583 editoris

301 617 518 684 strenui,
572 617 669 670 sed
728 617 905 670 omnia
971 617 1296 687 expendere,
1364 618 1540 671 omnia
1599 617 1884 672 emendare

294 706 489 760 conari.
545 705 951 760 emendationes
1006 724 1142 774 quae
1191 707 1353 761 firmis
1402 707 1634 760 nituntur
1672 707 1885 761 rationi-

292 796 390 849 bus
430 795 484 848 in
526 800 834 849 contextum
873 795 1236 865 recipiendae,
1292 813 1429 864 quae
1472 812 1538 849 ex
1577 796 1792 865 ingenio
1836 801 1889 850 et

295 884 606 938 coniectura
645 889 850 938 tantum
890 890 1051 939 natae
1088 885 1429 939 reficiendae.
1474 884 1570 939 sed
1610 890 1666 938 ut
1703 902 1887 939 verum

292 973 479 1040 fatear,
533 974 714 1043 plures
768 991 976 1028 errores
1032 991 1099 1028 ex
1152 974 1457 1029 coniectura
1504 974 1691 1027 sustuli
1730 991 1887 1042 quam

295 1080 362 1116 ex
414 1063 562 1116 libris
616 1064 703 1130 qui
758 1080 943 1117 omnes
997 1081 1029 1117 a
1070 1063 1378 1133 depravatis
1424 1063 1709 1133 propagati
1749 1068 1884 1131 sunt,

291 1169 360 1206 ne
415 1152 664 1206 continuo
717 1153 971 1207 lectorem
1022 1158 1312 1207 remoretur
1351 1153 1586 1222 Apicius,
1631 1171 1698 1206 ex
1740 1153 1886 1220 quin-

295 1258 398 1309 que
440 1241 593 1294 annis
634 1247 758 1295 ante
811 1259 944 1309 quos
998 1242 1198 1311 primas
1247 1241 1428 1295 hastas
1467 1242 1665 1295 iactavi
1705 1247 1757 1296 et
1796 1259 1887 1311 pe-

296 1331 418 1385 dem
478 1331 676 1385 contuli
727 1332 901 1384 nullus
953 1331 1068 1385 fere
1123 1330 1239 1385 dies
1290 1331 1569 1400 praeteriit
1626 1348 1728 1398 quo
1782 1348 1888 1384 non

293 1438 482 1474 manus
531 1420 878 1488 admoverim,
931 1421 1127 1474 lineam
1182 1420 1439 1487 duxerim,
1493 1421 1590 1474 sub
1641 1419 1889 1474 incudem

293 1510 679 1577 revocaverim,
719 1510 993 1578 negotium
1030 1509 1420 1576 ruminaverim,
1463 1509 1712 1564 iudicium
1746 1508 1887 1563 fece-

295 1599 393 1652 rim
435 1599 506 1653 ad
547 1599 815 1652 amussim.
871 1616 979 1652 non
1033 1598 1312 1652 subcisivis
1351 1598 1493 1651 horis
1535 1603 1587 1652 et
1627 1614 1889 1666 suspensa

293 1707 458 1743 manu
512 1694 763 1759 operatus
817 1706 933 1743 sum
988 1693 1348 1755 quantumque
1401 1704 1498 1756 per
1549 1687 1683 1741 alias
1732 1688 1889 1741 inter-

293 1779 616 1849 pellationes
672 1779 819 1832 licuit
869 1778 1150 1832 absolvere
1200 1777 1393 1831 studui.
1450 1793 1633 1830 omnes
1673 1776 1891 1830 adhibui

293 1869 589 1936 machinaS,
632 1868 876 1922 omnibus
914 1866 1155 1935 vestigiis
1182 1866 1445 1936 inquisivi,
1487 1882 1670 1919 omnes
1697 1883 1889 1920 nervos

292 1958 512 2026 intendi,
545 1974 728 2011 omnes
755 1957 956 2010 forulos
987 1955 1216 2023 excussi,
1246 1960 1302 2008 ut
1324 1956 1690 2023 intellegerem
1717 1956 1891 2009 Aetna

298 2048 604 2115 graviorem
657 2047 903 2116 Apicium
959 2050 1010 2099 et
1052 2045 1170 2099 aliis
1212 2045 1538 2114 explicarem
1579 2045 1666 2112 qui
1707 2044 1799 2098 diu
1835 2046 1888 2099 in

291 2138 472 2192 herbis
511 2137 610 2190 fuit
649 2136 832 2204 sicque
872 2136 1031 2204 pleno
1073 2134 1245 2203 gradu
1265 2133 1575 2201 ingrediens
1604 2134 1693 2201 qui
1718 2134 1888 2203 primo

295 2228 516 2281 vitulum
574 2226 665 2279 vix
717 2225 902 2279 sustuli
940 2224 1158 2277 tandem
1217 2228 1422 2276 taurum
1482 2223 1706 2291 gestavi.
1774 2223 1889 2278 sine

294 2319 519 2388 pulvere
561 2317 706 2369 nulla
745 2316 940 2384 palma.
994 2303 1100 2366 non
1140 2312 1307 2382 pudet
1344 2330 1429 2366 me
1468 2312 1888 2367 lucubrationem

290 2408 567 2461 lucernam
621 2407 765 2459 olere
819 2403 1161 2471 confiterique
1208 2402 1561 2456 lucernariam
1600 2402 1764 2455 vitam
1803 2418 1889 2456 me

293 2496 507 2564 ducere,
578 2511 897 2563 quamquam
950 2493 1079 2546 haut
1131 2491 1353 2546 dixerim
1413 2491 1558 2560 pisce
1622 2491 1887 2544 saniorem

294 2589 346 2638 et
386 2587 581 2638 bovem
621 2584 674 2636 in
714 2583 958 2637 faucibus
999 2586 1301 2651 portantem
1339 2597 1460 2634 rore
1499 2580 1652 2649 pasci
1693 2585 1746 2633 et
1767 2581 1887 2649 plus

292 2675 396 2728 olei
448 2676 731 2727 absumere
787 2689 944 2740 quam
996 2671 1107 2724 vini
1158 2670 1394 2737 nihilque
1458 2669 1723 2722 insumere
1785 2670 1888 2723 nisi

289 2768 520 2816 noctem.
565 2762 684 2815 oleo
726 2761 1145 2829 tranquilliorem
1187 2765 1239 2814 et
1264 2764 1438 2813 terrae
1470 2775 1602 2812 onus
1631 2775 1751 2813 esse
1779 2775 1887 2811 non

293 2857 374 2906 est
426 2868 619 2921 meum,
675 2867 996 2920 quamquam
1044 2850 1183 2903 intra
1234 2866 1411 2903 meam
1464 2847 1747 2904 cuticulam
1800 2864 1886 2905 me
