2098 3470
673 335 775 380 Lib.
814 335 870 378 II.
934 334 1198 390 Sarcoptes.
1661 330 1729 384 51

146 471 330 525 elixas,
374 470 515 523 elixa
553 470 725 536 tolles,
765 466 1148 537 pinguedinem
1190 464 1439 519 concides
1482 470 1533 518 et
1573 481 1733 532 copa-

63 611 69 616 ,
147 545 236 597 dia
274 545 486 613 pulpae,
527 544 581 595 in
621 560 678 595 se
721 542 896 594 omnia
936 541 1246 592 conmisces.
1290 545 1430 592 teres
1460 539 1632 608 piper,
1673 538 1731 588 li-

147 618 410 685 gisticum,
453 635 554 669 ova
592 617 707 681 tria,
748 616 884 668 haec
926 614 1102 665 omnia
1139 614 1471 668 inmortario
1512 611 1732 680 permis-

148 708 237 745 ces
278 708 392 744 cum
434 691 635 743 nucleis
678 694 729 741 et
760 690 947 756 pipere
974 687 1200 753 integre,
1241 687 1510 753 liquamen
1538 687 1734 739 suffun-

148 765 260 818 des,
298 765 599 816 intestinam
636 763 826 830 inpleS,
870 762 1063 814 elixam
1106 766 1158 813 et
1196 763 1467 828 subassaS,
1515 762 1604 814 vel
1645 761 1735 814 eli·

146 855 271 890 xam
310 842 508 888 tantum
549 853 808 905 appones

259 912 344 963 60.
394 911 561 963 Aliter
601 909 942 963 circellos
982 907 1342 960 isiciatos:
1385 909 1562 975 reples
1602 908 1734 961 inte-

150 984 343 1037 stinum
381 984 608 1052 inpensa
658 983 792 1036 isicii
833 987 884 1035 et
924 982 1193 1034 circellum
1232 981 1399 1034 facies
1439 982 1738 1037 rotundum.

150 1116 321 1159 excidit
354 1116 541 1167 „tinni“,
576 1120 626 1158 ut
656 1115 898 1170 intellega-

149 1181 224 1218 tur
255 1174 459 1230 thynnea
490 1175 648 1224 muria,
676 1187 767 1216 una
784 1186 899 1216 voce

150 1234 262 1284 tina,
294 1233 457 1289 thynni
488 1234 556 1276 sal
589 1233 810 1277 Martialis
831 1232 899 1282 10,

151 1293 223 1343 48,
274 1293 339 1334 12.
391 1291 445 1336 cf.
493 1292 609 1335 Plin.
654 1293 695 1342 9,
738 1292 808 1334 48.
844 1315 898 1322 ·—

153 1350 428 1395 abumine
462 1364 645 1406 porro
678 1354 719 1401 β.
763 1349 900 1393 ami=

153 1423 219 1454 ne
241 1411 406 1464 porri
425 1424 469 1452 π.
488 1410 755 1453 abamine
777 1421 901 1464 por-

152 1482 213 1513 ro
247 1485 271 1522 y
315 1469 385 1512 ed.
430 1482 496 1523 pr.
531 1469 688 1524 sicque
735 1468 899 1511 volunt

153 1529 258 1572 libri
292 1526 390 1571 flor.
436 1527 602 1572 11101101·
635 1526 784 1571 forma
817 1526 898 1568 al-

152 1588 362 1632 bumen
395 1598 467 1642 ap.
502 1586 669 1643 Veget.
695 1591 782 1629 art.
806 1588 896 1629 vet.

153 1648 196 1698 3,
238 1645 309 1696 57,
352 1647 389 1688 1.
449 1646 495 1689 111
542 1647 722 1701 aliquot
769 1644 898 1689 libris

155 1705 271 1749 Plin.
305 1706 376 1756 28,
401 1705 470 1747 66.
505 1704 560 1748 cf.
585 1706 653 1748 65.
688 1704 901 1748 albamen

156 1766 212 1809 de
251 1764 400 1818 porris
446 1765 540 1807 172.
590 1764 902 1808 albamentum

158 1823 254 1868 196.
289 1824 510 1879 Pelagon.
529 1824 599 1867 30.
628 1824 685 1867 111.
722 1823 901 1879 explico

155 1881 403 1927 medullam
453 1896 571 1939 quae
625 1884 748 1927 intus
796 1883 904 1926 alba

159 1947 244 1990 est,
262 1943 444 1986 niveum
464 1942 671 1997 stipitem
702 1942 902 1985 Martial.

162 2001 230 2052 13,
282 2003 348 2044 19.
384 2027 435 2031 ——
486 2002 660 2052 elixa,
695 2002 902 2052 elixa-s,

161 2060 445 2111 elixatos,
490 2060 719 2104 elixato
766 2060 900 2103 codd.

160 2144 214 2149 —
268 2119 693 2175 pinguedinem
741 2120 903 2174 adipes

158 2177 230 2220 44.
280 2202 335 2208 -ψ-
384 2178 643 2233 copadia
691 2192 748 2223 ex
800 2179 904 2223 cod..

158 2237 278 2280 hum.
322 2251 406 2294 pro
450 2237 728 2293 reliquorum
774 2252 906 2282 con-

159 2296 345 2352 padia‚
371 2297 738 2352 compendia,
765 2311 907 2341 com-

159 2357 391 2411 pandia.
435 2355 489 2399 cf.
530 2358 625 2400 120.
671 2358 769 2400 280.
805 2358 906 2401 359.

159 2415 258 2458 370.
286 2415 531 2471 copadium
552 2413 760 2456 κοπὰὃιον
784 2416 909 2471 quod

162 2473 355 2524 κόπαιον,
389 2474 562 2524 admont,
596 2473 742 2524 κοπᾶς,
768 2475 903 2523 κόπις,

162 2531 319 2586 κόμμα,
366 2534 622 2589 praecisum
677 2534 815 2578 Nonii
860 2548 903 2590 p.

164 2593 261 2635 103.
306 2605 346 2636 a.
392 2594 539 2637 carnis
582 2593 777 2637 frustum
818 2593 908 2637 dis-

163 2656 337 2695 sectum
380 2652 519 2708 idque
569 2653 815 2697 delicatius
863 2657 910 2697 et

162 2710 347 2762 lautius,
381 2713 475 2755 suis
508 2713 665 2768 lingua
686 2726 787 2756 cum
817 2712 909 2767 epi-

164 2769 391 2826 glottide,
459 2773 661 2827 gutturis
735 2783 911 2815 summa

165 2827 285 2882 pars,
333 2830 582 2885 glandulae
632 2832 816 2887 linguae
849 2835 912 2875 ·et

166 2887 375 2933 faucibus
408 2890 727 2942 adhaerentes,
771 2891 829 2934 al.
865 2896 915 2934 ut

169 2945 287 2993 κόπις
319 2949 464 2994 culter
488 2953 850 3007 coquicurvatus
869 2955 915 2995 et

989 1114 1174 1168 gladius
1203 1115 1470 1158 venatorius
1504 1115 1740 1159 derivatur

990 1184 1018 1214 a
1051 1172 1194 1216 Verbo
1229 1172 1413 1215 κόπτειν.
1460 1171 1514 1217 Of.
1551 1173 1740 1219 DufreS-

989 1231 1053 1274 nii
1094 1230 1246 1276 Gloss.
1290 1233 1335 1276 in
1380 1232 1638 1288 copadium.
1686 1258 1741 1263 ——

992 1291 1203 1333 elixam
1251 1292 1297 1334 in
1344 1305 1426 1336 sex
1473 1292 1608 1335 codd.
1654 1306 1739 1348 pro

992 1349 1742 1405 0111130111131011110011113111

992 1408 1154 1463 scripsi
1200 1422 1285 1464 pro
1329 1410 1633 1454 intestina
1664 1410 1742 1455 vel

990 1467 1347 1512 intestinum
1422 1474 1493 1513 est
1564 1470 1744 1514 scilicet

991 1526 1131 1569 etiam
1163 1527 1399 1579 intestina,
1434 1527 1491 1572 cf.
1514 1529 1615 1573 371.
1637 1543 1744 1585 sup-

991 1585 1119 1640 pleta
1151 1600 1266 1631 voce
1298 1586 1456 1639 „hira“
1476 1587 1551 1631 vel
1570 1587 1741 1640 „hilla“

993 1656 1111 1700 quac
1144 1644 1343 1690 habetur
1359 1647 1659 1703 praecipuum
1677 1648 1742 1692 in-

992 1703 1267 1749 testinorum
1297 1706 1512 1758 omnium,
1539 1707 1742 1753 Macrob.

993 1763 1037 1806 in
1072 1776 1214 1806 somn.
1249 1765 1371 1821 Scip.
1408 1767 1445 1808 1.
1480 1766 1521 1818 6,
1556 1767 1624 1810 77.
1685 1766 1742 1812 cf.

993 1822 1054 1866 ad
1085 1822 1183 1883 44.-

1084 1882 1145 1925 ad
1177 1883 1248 1926 60.
1298 1882 1480 1928 Circelli
1512 1883 1746 1930 habentur

994 1939 1233 1984 farcimina
1245 1943 1290 1985 in
1310 1942 1467 1986 circuli
1485 1943 1679 1988 formam
1699 1951 1746 1990 et

995 2000 1329 2045 rotunditatem
1364 2002 1537 2055 efficta,
1571 2002 1748 2049 knack—

994 2064 1206 2103 wuerste.
1241 2059 1359 2103 infra
1390 2062 1491 2105 369.
1526 2063 1748 2107 intestina

994 2119 1202 2173 impensa
1234 2133 1316 2163 seu
1347 2120 1477 2164 isicio
1505 2122 1685 2177 repleta
1702 2123 1747 2166 in

995 2191 1112 2234 gyro
1162 2184 1514 2235 componuntur,
1572 2194 1599 2224 a
1658 2194 1750 2238 qua
1776 2214 1779 2218 -

998 2250 1196 2281 coronae
1214 2238 1359 2281 instar
1372 2239 1751 2295 circumponendi

997 2296 1137 2340 modo
1193 2310 1358 2341 nomen
1415 2312 1507 2343 non
1561 2299 1750 2344 habent.

999 2356 1081 2399 sed
1129 2368 1157 2398 a
1205 2357 1386 2400 circulis
1433 2371 1515 2401 seu
1559 2359 1750 2404 orbibus

999 2415 1108 2459 item
1141 2421 1366 2459 vocantur
1398 2417 1564 2471 spirae,
1609 2431 1752 2474 opera

995 2475 1205 2534 pistoria,
1224 2475 1467 2529 placentae
1481 2488 1554 2531 ap.
1568 2476 1667 2521 Cat.
1682 2479 1752 2523 77.

999 2536 1198 2590 στρεπτοὶ
1219 2547 1294 2589 ap.
1309 2534 1608 2579 Demosthen.
1631 2542 1749 2581 orat.

1001 2597 1068 2639 18.
1117 2606 1160 2648 p.
1211 2593 1310 2636 2³60.
1360 2593 1537 2638 Polluc.
1589 2596 1629 2647 6,
1681 2597 1752 2641 77.

1001 2651 1171 2699 Athen.
1191 2651 1234 2703 4,
1258 2652 1296 2695 5.
1332 2652 1535 2698 Bekker.
1569 2653 1752 2700 Anecd.

1001 2729 1066 2771 gr.
1100 2725 1142 2766 p.
1177 2711 1278 2754 302.
1322 2712 1443 2756 Fest.
1479 2727 1522 2768 p.
1557 2715 1660 2759 330.
1699 2739 1752 2745 —-

1001 2771 1160 2817 Editio
1194 2784 1259 2826 pr.
1287 2783 1448 2815 manca
1479 2777 1564 2817 est.
1600 2787 1624 2818 0
1650 2773 1753 2818 cod.

1004 2846 1087 2877 suo
1113 2842 1211 2874 eam
1233 2830 1469 2886 supplevit
1486 2831 1620 2876 Hum.
1643 2846 1755 2889 quo-

1006 2905 1106 2937 cum
1153 2888 1329 2933 faciunt
1372 2890 1531 2936 nostri.
1569 2918 1619 2923 —
1655 2892 1756 2937 im—

1005 2962 1239 3009 pensam
1274 2949 1408 2994 codd.
1459 2976 1509 2980 ——
1556 2953 1757 3000 minia-
