<?xml version="1.0" encoding="UTF-8"?>
<!DOCTYPE html PUBLIC "-//W3C//DTD XHTML 1.0 Transitional//EN"
    "http://www.w3.org/TR/xhtml1/DTD/xhtml1-transitional.dtd">
<html xmlns="http://www.w3.org/1999/xhtml" xml:lang="en" lang="en">
 <head>
  <title>
</title>
<meta http-equiv="Content-Type" content="text/html;charset=utf-8" />
  <meta name='ocr-system' content='tesseract 3.04.00' />
  <meta name='ocr-capabilities' content='ocr_page ocr_carea ocr_par ocr_line ocrx_word'/>
</head>
<body>
  <div class='ocr_page' id='page_1' title='image "apicicaelidereco00apicrich_0011.png"; bbox 0 0 2098 3470; ppageno 0'>
   <div class='ocr_carea' id='block_1_1' title="bbox 874 308 1833 364">
    <p class='ocr_par' dir='ltr' id='par_1_1' title="bbox 874 308 1833 364">
     <span class='ocr_line' id='line_1_1' title="bbox 874 308 1833 364; baseline -0.002 -6"><span class='ocrx_word' id='word_1_1' title='bbox 874 357 886 363; x_wconf 63' lang='grc'>,</span> <span class='ocrx_word' id='word_1_2' title='bbox 904 309 1162 358; x_wconf 67' lang='lat' dir='ltr'>Praefatio,</span> <span class='ocrx_word' id='word_1_3' title='bbox 1798 308 1833 364; x_wconf 78' lang='lat'>5</span> 
     </span>
    </p>
   </div>
   <div class='ocr_carea' id='block_1_2' title="bbox 227 444 1836 3021">
    <p class='ocr_par' dir='ltr' id='par_1_2' title="bbox 227 444 1836 2842">
     <span class='ocr_line' id='line_1_2' title="bbox 238 444 1832 516; baseline -0.004 -11"><span class='ocrx_word' id='word_1_4' title='bbox 238 449 556 505; x_wconf 85' lang='lat' dir='ltr'>cantilenam</span> <span class='ocrx_word' id='word_1_5' title='bbox 595 465 704 502; x_wconf 90' lang='lat' dir='ltr'>non</span> <span class='ocrx_word' id='word_1_6' title='bbox 743 447 945 501; x_wconf 76' lang='lat' dir='ltr'>audies,</span> <span class='ocrx_word' id='word_1_7' title='bbox 986 447 1078 516; x_wconf 92' lang='lat' dir='ltr'>pol</span> <span class='ocrx_word' id='word_1_8' title='bbox 1117 447 1290 499; x_wconf 82' lang='lat' dir='ltr'>Tuam</span> <span class='ocrx_word' id='word_1_9' title='bbox 1330 444 1401 498; x_wconf 84' lang='lat' dir='ltr'>ad</span> <span class='ocrx_word' id='word_1_10' title='bbox 1428 444 1642 500; x_wconf 91' lang='lat' dir='ltr'>laudem</span> <span class='ocrx_word' id='word_1_11' title='bbox 1673 463 1832 515; x_wconf 90' lang='lat' dir='ltr'>quam</span> 
     </span>
     <span class='ocr_line' id='line_1_3' title="bbox 235 536 1836 611; baseline -0.002 -15"><span class='ocrx_word' id='word_1_12' title='bbox 235 542 435 611; x_wconf 86' lang='lat' dir='ltr'>apertis</span> <span class='ocrx_word' id='word_1_13' title='bbox 486 540 626 594; x_wconf 89' lang='lat' dir='ltr'>tibiis</span> <span class='ocrx_word' id='word_1_14' title='bbox 682 539 893 593; x_wconf 88' lang='lat' dir='ltr'>celebro</span> <span class='ocrx_word' id='word_1_15' title='bbox 935 568 1007 576; x_wconf 85' lang='lat'>—-</span> <span class='ocrx_word' id='word_1_16' title='bbox 1060 536 1317 590; x_wconf 79' lang='lat' dir='ltr'>musicam</span> <span class='ocrx_word' id='word_1_17' title='bbox 1370 536 1529 591; x_wconf 90' lang='lat' dir='ltr'>docet</span> <span class='ocrx_word' id='word_1_18' title='bbox 1580 554 1730 592; x_wconf 87' lang='lat' dir='ltr'>amor</span> <span class='ocrx_word' id='word_1_19' title='bbox 1783 543 1836 592; x_wconf 89' lang='lat' dir='ltr'>et</span> 
     </span>
     <span class='ocr_line' id='line_1_4' title="bbox 234 625 1833 697; baseline -0.003 -12"><span class='ocrx_word' id='word_1_20' title='bbox 234 632 279 685; x_wconf 87' lang='lat' dir='ltr'>si</span> <span class='ocrx_word' id='word_1_21' title='bbox 319 630 475 685; x_wconf 88' lang='lat' dir='ltr'>fuerit</span> <span class='ocrx_word' id='word_1_22' title='bbox 512 629 757 683; x_wconf 88' lang='lat' dir='ltr'>indoctus</span> <span class='ocrx_word' id='word_1_23' title='bbox 786 628 933 697; x_wconf 86' lang='lat' dir='ltr'>prius</span> <span class='ocrx_word' id='word_1_24' title='bbox 965 658 1026 667; x_wconf 91' lang='lat'>-—-</span> <span class='ocrx_word' id='word_1_25' title='bbox 1061 625 1245 679; x_wconf 89' lang='lat' dir='ltr'>addito</span> <span class='ocrx_word' id='word_1_26' title='bbox 1275 626 1622 694; x_wconf 80' lang='lat' dir='ltr'>praefiscine!</span> <span class='ocrx_word' id='word_1_27' title='bbox 1682 627 1833 681; x_wconf 82' lang='lat' dir='ltr'><strong>Alter</strong></span> 
     </span>
     <span class='ocr_line' id='line_1_5' title="bbox 237 716 1832 788; baseline -0.003 -15"><span class='ocrx_word' id='word_1_28' title='bbox 237 722 399 774; x_wconf 92' lang='lat' dir='ltr'>Ianus</span> <span class='ocrx_word' id='word_1_29' title='bbox 454 736 528 788; x_wconf 78' lang='lat' dir='ltr'>eS,</span> <span class='ocrx_word' id='word_1_30' title='bbox 597 720 730 772; x_wconf 84' lang='lat' dir='ltr'>alter</span> <span class='ocrx_word' id='word_1_31' title='bbox 782 716 1223 771; x_wconf 73' lang='lat' dir='ltr'>Rhadamanthus</span> <span class='ocrx_word' id='word_1_32' title='bbox 1274 716 1580 783; x_wconf 87' lang='lat' dir='ltr'>iustitiaque</span> <span class='ocrx_word' id='word_1_33' title='bbox 1630 716 1832 784; x_wconf 88' lang='lat' dir='ltr'>iustior,</span> 
     </span>
     <span class='ocr_line' id='line_1_6' title="bbox 237 805 1834 878; baseline -0.001 -16"><span class='ocrx_word' id='word_1_34' title='bbox 237 810 371 863; x_wconf 89' lang='lat' dir='ltr'>alter</span> <span class='ocrx_word' id='word_1_35' title='bbox 411 808 618 878; x_wconf 87' lang='lat' dir='ltr'>Cydon,</span> <span class='ocrx_word' id='word_1_36' title='bbox 660 808 892 875; x_wconf 82' lang='lat' dir='ltr'>antiquis</span> <span class='ocrx_word' id='word_1_37' title='bbox 928 806 1178 873; x_wconf 77' lang='lat' dir='ltr'>moribUS,</span> <span class='ocrx_word' id='word_1_38' title='bbox 1222 811 1329 858; x_wconf 88' lang='lat' dir='ltr'>tam</span> <span class='ocrx_word' id='word_1_39' title='bbox 1357 805 1664 874; x_wconf 76' lang='lat' dir='ltr'>inculpatae</span> <span class='ocrx_word' id='word_1_40' title='bbox 1690 806 1834 861; x_wconf 88' lang='lat' dir='ltr'>vitae</span> 
     </span>
     <span class='ocr_line' id='line_1_7' title="bbox 237 895 1832 966; baseline -0.002 -14"><span class='ocrx_word' id='word_1_41' title='bbox 237 916 393 966; x_wconf 87' lang='lat' dir='ltr'>quam</span> <span class='ocrx_word' id='word_1_42' title='bbox 424 898 700 952; x_wconf 87' lang='lat' dir='ltr'>doctrinae</span> <span class='ocrx_word' id='word_1_43' title='bbox 727 914 833 950; x_wconf 92' lang='lat' dir='ltr'>non</span> <span class='ocrx_word' id='word_1_44' title='bbox 863 896 1103 963; x_wconf 78' lang='lat' dir='ltr'>trivialiS,</span> <span class='ocrx_word' id='word_1_45' title='bbox 1138 896 1415 965; x_wconf 80' lang='lat' dir='ltr'>specimen</span> <span class='ocrx_word' id='word_1_46' title='bbox 1443 896 1701 949; x_wconf 89' lang='lat' dir='ltr'>bonarum</span> <span class='ocrx_word' id='word_1_47' title='bbox 1728 895 1832 949; x_wconf 90' lang='lat' dir='ltr'>dis-</span> 
     </span>
     <span class='ocr_line' id='line_1_8' title="bbox 234 984 1833 1057; baseline -0.002 -16"><span class='ocrx_word' id='word_1_48' title='bbox 234 988 564 1057; x_wconf 90' lang='lat' dir='ltr'>ciplinarum,</span> <span class='ocrx_word' id='word_1_49' title='bbox 623 986 721 1040; x_wconf 88' lang='lat' dir='ltr'>flos</span> <span class='ocrx_word' id='word_1_50' title='bbox 779 985 1017 1040; x_wconf 89' lang='lat' dir='ltr'>illibatus</span> <span class='ocrx_word' id='word_1_51' title='bbox 1075 984 1427 1053; x_wconf 86' lang='lat' dir='ltr'>ingeniorum,</span> <span class='ocrx_word' id='word_1_52' title='bbox 1490 984 1653 1038; x_wconf 84' lang='lat' dir='ltr'>attica</span> <span class='ocrx_word' id='word_1_53' title='bbox 1709 984 1833 1052; x_wconf 91' lang='lat' dir='ltr'>fide,</span> 
     </span>
     <span class='ocr_line' id='line_1_9' title="bbox 236 1074 1832 1145; baseline -0.001 -15"><span class='ocrx_word' id='word_1_54' title='bbox 236 1077 429 1145; x_wconf 88' lang='lat' dir='ltr'>dignus</span> <span class='ocrx_word' id='word_1_55' title='bbox 471 1077 681 1145; x_wconf 91' lang='lat' dir='ltr'>quicum</span> <span class='ocrx_word' id='word_1_56' title='bbox 719 1077 775 1129; x_wconf 92' lang='lat' dir='ltr'>in</span> <span class='ocrx_word' id='word_1_57' title='bbox 816 1075 1049 1130; x_wconf 87' lang='lat' dir='ltr'>tenebris</span> <span class='ocrx_word' id='word_1_58' title='bbox 1081 1076 1320 1142; x_wconf 91' lang='lat' dir='ltr'>micetur,</span> <span class='ocrx_word' id='word_1_59' title='bbox 1362 1090 1549 1127; x_wconf 90' lang='lat' dir='ltr'>aurum</span> <span class='ocrx_word' id='word_1_60' title='bbox 1574 1074 1686 1142; x_wconf 82' lang='lat' dir='ltr'>igni</span> <span class='ocrx_word' id='word_1_61' title='bbox 1713 1092 1832 1144; x_wconf 87' lang='lat' dir='ltr'>pro-</span> 
     </span>
     <span class='ocr_line' id='line_1_10' title="bbox 237 1163 1835 1236; baseline -0.002 -15"><span class='ocrx_word' id='word_1_62' title='bbox 237 1168 433 1236; x_wconf 92' lang='lat' dir='ltr'>batum,</span> <span class='ocrx_word' id='word_1_63' title='bbox 485 1184 592 1220; x_wconf 90' lang='lat' dir='ltr'>non</span> <span class='ocrx_word' id='word_1_64' title='bbox 647 1166 832 1235; x_wconf 86' lang='lat' dir='ltr'>lingua</span> <span class='ocrx_word' id='word_1_65' title='bbox 890 1165 1111 1233; x_wconf 89' lang='lat' dir='ltr'>amicus,</span> <span class='ocrx_word' id='word_1_66' title='bbox 1160 1181 1269 1218; x_wconf 92' lang='lat' dir='ltr'>non</span> <span class='ocrx_word' id='word_1_67' title='bbox 1320 1163 1427 1217; x_wconf 88' lang='lat' dir='ltr'>fers</span> <span class='ocrx_word' id='word_1_68' title='bbox 1468 1165 1637 1218; x_wconf 88' lang='lat' dir='ltr'>altera</span> <span class='ocrx_word' id='word_1_69' title='bbox 1675 1181 1835 1218; x_wconf 88' lang='lat' dir='ltr'>manu</span> 
     </span>
     <span class='ocr_line' id='line_1_11' title="bbox 237 1253 1832 1326; baseline -0.002 -15"><span class='ocrx_word' id='word_1_70' title='bbox 237 1274 447 1326; x_wconf 87' lang='lat' dir='ltr'>aquam,</span> <span class='ocrx_word' id='word_1_71' title='bbox 495 1257 676 1326; x_wconf 86' lang='lat' dir='ltr'>ignem</span> <span class='ocrx_word' id='word_1_72' title='bbox 730 1257 923 1324; x_wconf 89' lang='lat' dir='ltr'>altera,</span> <span class='ocrx_word' id='word_1_73' title='bbox 977 1271 1152 1323; x_wconf 91' lang='lat' dir='ltr'>neque</span> <span class='ocrx_word' id='word_1_74' title='bbox 1203 1253 1311 1308; x_wconf 84' lang='lat' dir='ltr'>fers</span> <span class='ocrx_word' id='word_1_75' title='bbox 1363 1254 1533 1307; x_wconf 89' lang='lat' dir='ltr'>altera</span> <span class='ocrx_word' id='word_1_76' title='bbox 1578 1253 1832 1322; x_wconf 88' lang='lat' dir='ltr'>lapidem,</span> 
     </span>
     <span class='ocr_line' id='line_1_12' title="bbox 236 1343 1834 1415; baseline -0.001 -16"><span class='ocrx_word' id='word_1_77' title='bbox 236 1347 404 1400; x_wconf 85' lang='lat' dir='ltr'>altera</span> <span class='ocrx_word' id='word_1_78' title='bbox 445 1351 685 1400; x_wconf 83' lang='lat' dir='ltr'>ostentas</span> <span class='ocrx_word' id='word_1_79' title='bbox 728 1362 940 1415; x_wconf 89' lang='lat' dir='ltr'>panem,</span> <span class='ocrx_word' id='word_1_80' title='bbox 983 1362 1091 1397; x_wconf 92' lang='lat' dir='ltr'>non</span> <span class='ocrx_word' id='word_1_81' title='bbox 1130 1343 1508 1411; x_wconf 89' lang='lat' dir='ltr'>manticularis,</span> <span class='ocrx_word' id='word_1_82' title='bbox 1550 1361 1655 1397; x_wconf 91' lang='lat' dir='ltr'>non</span> <span class='ocrx_word' id='word_1_83' title='bbox 1684 1343 1834 1398; x_wconf 86' lang='lat' dir='ltr'>dives</span> 
     </span>
     <span class='ocr_line' id='line_1_13' title="bbox 235 1433 1830 1504; baseline -0.001 -15"><span class='ocrx_word' id='word_1_84' title='bbox 235 1452 292 1489; x_wconf 89' lang='lat' dir='ltr'>es</span> <span class='ocrx_word' id='word_1_85' title='bbox 350 1435 643 1504; x_wconf 86' lang='lat' dir='ltr'>promissis,</span> <span class='ocrx_word' id='word_1_86' title='bbox 706 1451 765 1488; x_wconf 90' lang='lat' dir='ltr'>os</span> <span class='ocrx_word' id='word_1_87' title='bbox 824 1434 888 1487; x_wconf 91' lang='lat' dir='ltr'>iis</span> <span class='ocrx_word' id='word_1_88' title='bbox 949 1433 1104 1487; x_wconf 88' lang='lat' dir='ltr'>inest.</span> <span class='ocrx_word' id='word_1_89' title='bbox 1168 1450 1236 1486; x_wconf 82' lang='lat' dir='ltr'>ex</span> <span class='ocrx_word' id='word_1_90' title='bbox 1274 1433 1448 1487; x_wconf 85' lang='lat' dir='ltr'>fronte</span> <span class='ocrx_word' id='word_1_91' title='bbox 1488 1433 1830 1502; x_wconf 78' lang='lat' dir='ltr'>perspiceriS,</span> 
     </span>
     <span class='ocr_line' id='line_1_14' title="bbox 235 1521 1831 1592; baseline 0 -15"><span class='ocrx_word' id='word_1_92' title='bbox 235 1525 369 1578; x_wconf 88' lang='lat' dir='ltr'>mira</span> <span class='ocrx_word' id='word_1_93' title='bbox 408 1524 700 1579; x_wconf 84' lang='lat' dir='ltr'>lenitudine</span> <span class='ocrx_word' id='word_1_94' title='bbox 729 1541 794 1577; x_wconf 88' lang='lat' dir='ltr'>ac</span> <span class='ocrx_word' id='word_1_95' title='bbox 822 1523 1086 1576; x_wconf 87' lang='lat' dir='ltr'>suavitate</span> <span class='ocrx_word' id='word_1_96' title='bbox 1114 1521 1410 1589; x_wconf 81' lang='lat' dir='ltr'>abundanS,</span> <span class='ocrx_word' id='word_1_97' title='bbox 1454 1524 1628 1590; x_wconf 89' lang='lat' dir='ltr'>gratia</span> <span class='ocrx_word' id='word_1_98' title='bbox 1653 1539 1831 1592; x_wconf 90' lang='lat' dir='ltr'>paene</span> 
     </span>
     <span class='ocr_line' id='line_1_15' title="bbox 238 1611 1831 1681; baseline -0.001 -14"><span class='ocrx_word' id='word_1_99' title='bbox 238 1614 468 1680; x_wconf 87' lang='lat' dir='ltr'>quadam</span> <span class='ocrx_word' id='word_1_100' title='bbox 509 1612 769 1681; x_wconf 89' lang='lat' dir='ltr'>quidquid</span> <span class='ocrx_word' id='word_1_101' title='bbox 811 1612 908 1679; x_wconf 93' lang='lat' dir='ltr'>ais,</span> <span class='ocrx_word' id='word_1_102' title='bbox 953 1611 1212 1679; x_wconf 86' lang='lat' dir='ltr'>quidquid</span> <span class='ocrx_word' id='word_1_103' title='bbox 1239 1612 1491 1679; x_wconf 90' lang='lat' dir='ltr'>loqueris,</span> <span class='ocrx_word' id='word_1_104' title='bbox 1532 1612 1639 1665; x_wconf 92' lang='lat' dir='ltr'>imo</span> <span class='ocrx_word' id='word_1_105' title='bbox 1671 1611 1831 1666; x_wconf 89' lang='lat' dir='ltr'>etiam</span> 
     </span>
     <span class='ocr_line' id='line_1_16' title="bbox 236 1700 1829 1770; baseline -0.001 -13"><span class='ocrx_word' id='word_1_106' title='bbox 236 1704 280 1756; x_wconf 91' lang='lat' dir='ltr'>si</span> <span class='ocrx_word' id='word_1_107' title='bbox 319 1703 450 1756; x_wconf 91' lang='lat' dir='ltr'>nihil</span> <span class='ocrx_word' id='word_1_108' title='bbox 489 1704 568 1757; x_wconf 90' lang='lat' dir='ltr'>ais</span> <span class='ocrx_word' id='word_1_109' title='bbox 607 1703 844 1770; x_wconf 89' lang='lat' dir='ltr'>nihilque</span> <span class='ocrx_word' id='word_1_110' title='bbox 878 1701 1128 1769; x_wconf 77' lang='lat' dir='ltr'>loqueriS,</span> <span class='ocrx_word' id='word_1_111' title='bbox 1170 1701 1427 1768; x_wconf 79' lang='lat' dir='ltr'>singulari</span> <span class='ocrx_word' id='word_1_112' title='bbox 1467 1719 1531 1755; x_wconf 90' lang='lat' dir='ltr'>ac</span> <span class='ocrx_word' id='word_1_113' title='bbox 1557 1701 1704 1753; x_wconf 87' lang='lat' dir='ltr'>vultu</span> <span class='ocrx_word' id='word_1_114' title='bbox 1738 1700 1829 1755; x_wconf 88' lang='lat' dir='ltr'>de-</span> 
     </span>
     <span class='ocr_line' id='line_1_17' title="bbox 232 1789 1832 1862; baseline -0.002 -17"><span class='ocrx_word' id='word_1_115' title='bbox 232 1792 391 1860; x_wconf 89' lang='lat' dir='ltr'>nique</span> <span class='ocrx_word' id='word_1_116' title='bbox 431 1792 550 1862; x_wconf 89' lang='lat' dir='ltr'>ipso</span> <span class='ocrx_word' id='word_1_117' title='bbox 586 1792 830 1846; x_wconf 88' lang='lat' dir='ltr'>homines</span> <span class='ocrx_word' id='word_1_118' title='bbox 867 1791 1123 1857; x_wconf 79' lang='lat' dir='ltr'>devinciS,</span> <span class='ocrx_word' id='word_1_119' title='bbox 1163 1789 1507 1844; x_wconf 90' lang='lat' dir='ltr'>iucunditatis</span> <span class='ocrx_word' id='word_1_120' title='bbox 1539 1790 1660 1859; x_wconf 91' lang='lat' dir='ltr'>plus</span> <span class='ocrx_word' id='word_1_121' title='bbox 1691 1789 1832 1844; x_wconf 89' lang='lat' dir='ltr'>inest</span> 
     </span>
     <span class='ocr_line' id='line_1_18' title="bbox 230 1880 1826 1959; baseline -0.001 -23"><span class='ocrx_word' id='word_1_122' title='bbox 230 1883 286 1936; x_wconf 92' lang='lat' dir='ltr'>in</span> <span class='ocrx_word' id='word_1_123' title='bbox 325 1883 404 1937; x_wconf 89' lang='lat' dir='ltr'>Te</span> <span class='ocrx_word' id='word_1_124' title='bbox 445 1882 573 1935; x_wconf 89' lang='lat' dir='ltr'>mihi</span> <span class='ocrx_word' id='word_1_125' title='bbox 613 1899 771 1949; x_wconf 90' lang='lat' dir='ltr'>quam</span> <span class='ocrx_word' id='word_1_126' title='bbox 827 1881 1195 1959; x_wconf 85' lang='lat' dir='ltr'>commercatis</span> <span class='ocrx_word' id='word_1_127' title='bbox 1236 1881 1531 1948; x_wconf 87' lang='lat' dir='ltr'>conquisite</span> <span class='ocrx_word' id='word_1_128' title='bbox 1566 1880 1826 1935; x_wconf 91' lang='lat' dir='ltr'>edulibus.</span> 
     </span>
     <span class='ocr_line' id='line_1_19' title="bbox 230 1970 1827 2040; baseline -0.001 -16"><span class='ocrx_word' id='word_1_129' title='bbox 230 1971 275 2024; x_wconf 88' lang='lat' dir='ltr'>si</span> <span class='ocrx_word' id='word_1_130' title='bbox 314 1973 481 2026; x_wconf 89' lang='lat' dir='ltr'>verba</span> <span class='ocrx_word' id='word_1_131' title='bbox 522 1976 872 2040; x_wconf 86' lang='lat' dir='ltr'>suppeterent</span> <span class='ocrx_word' id='word_1_132' title='bbox 912 1971 1108 2038; x_wconf 90' lang='lat' dir='ltr'>anim0,</span> <span class='ocrx_word' id='word_1_133' title='bbox 1149 1971 1372 2025; x_wconf 90' lang='lat' dir='ltr'>laudare</span> <span class='ocrx_word' id='word_1_134' title='bbox 1406 1988 1502 2039; x_wconf 92' lang='lat' dir='ltr'>pro</span> <span class='ocrx_word' id='word_1_135' title='bbox 1538 1971 1724 2025; x_wconf 90' lang='lat' dir='ltr'>merito</span> <span class='ocrx_word' id='word_1_136' title='bbox 1751 1970 1827 2023; x_wconf 89' lang='lat' dir='ltr'>in-</span> 
     </span>
     <span class='ocr_line' id='line_1_20' title="bbox 231 2059 1829 2128; baseline 0 -14"><span class='ocrx_word' id='word_1_137' title='bbox 231 2061 463 2128; x_wconf 86' lang='lat' dir='ltr'>genium,</span> <span class='ocrx_word' id='word_1_138' title='bbox 505 2061 686 2115; x_wconf 87' lang='lat' dir='ltr'>literas</span> <span class='ocrx_word' id='word_1_139' title='bbox 726 2061 871 2114; x_wconf 83' lang='lat' dir='ltr'>Tuas</span> <span class='ocrx_word' id='word_1_140' title='bbox 910 2077 1147 2127; x_wconf 87' lang='lat' dir='ltr'>conarer,</span> <span class='ocrx_word' id='word_1_141' title='bbox 1189 2060 1288 2114; x_wconf 88' lang='lat' dir='ltr'>sed</span> <span class='ocrx_word' id='word_1_142' title='bbox 1313 2077 1505 2114; x_wconf 83' lang='lat' dir='ltr'>vereor</span> <span class='ocrx_word' id='word_1_143' title='bbox 1538 2077 1605 2114; x_wconf 93' lang='lat' dir='ltr'>ne</span> <span class='ocrx_word' id='word_1_144' title='bbox 1639 2059 1829 2114; x_wconf 90' lang='lat' dir='ltr'>laudes</span> 
     </span>
     <span class='ocr_line' id='line_1_21' title="bbox 231 2148 1827 2221; baseline 0 -18"><span class='ocrx_word' id='word_1_145' title='bbox 231 2167 396 2218; x_wconf 80' lang='lat' dir='ltr'>cogar</span> <span class='ocrx_word' id='word_1_146' title='bbox 435 2154 627 2218; x_wconf 87' lang='lat' dir='ltr'>tantas,</span> <span class='ocrx_word' id='word_1_147' title='bbox 670 2155 726 2203; x_wconf 92' lang='lat' dir='ltr'>ut</span> <span class='ocrx_word' id='word_1_148' title='bbox 764 2151 992 2204; x_wconf 85' lang='lat' dir='ltr'>Flaccus</span> <span class='ocrx_word' id='word_1_149' title='bbox 1046 2151 1191 2203; x_wconf 86' lang='lat' dir='ltr'>Tuus</span> <span class='ocrx_word' id='word_1_150' title='bbox 1237 2149 1423 2217; x_wconf 91' lang='lat' dir='ltr'>inquit,</span> <span class='ocrx_word' id='word_1_151' title='bbox 1475 2150 1633 2221; x_wconf 89' lang='lat' dir='ltr'>culpa</span> <span class='ocrx_word' id='word_1_152' title='bbox 1682 2148 1827 2203; x_wconf 89' lang='lat' dir='ltr'>dete-</span> 
     </span>
     <span class='ocr_line' id='line_1_22' title="bbox 230 2224 1826 2307; baseline -0.001 -15"><span class='ocrx_word' id='word_1_153' title='bbox 230 2256 350 2294; x_wconf 83' lang='lat' dir='ltr'>rere</span> <span class='ocrx_word' id='word_1_154' title='bbox 388 2239 608 2307; x_wconf 91' lang='lat' dir='ltr'>ingenii.</span> <span class='ocrx_word' id='word_1_155' title='bbox 665 2239 892 2294; x_wconf 87' lang='lat' dir='ltr'>eruditio</span> <span class='ocrx_word' id='word_1_156' title='bbox 943 2241 1062 2293; x_wconf 87' lang='lat' dir='ltr'>Tua</span> <span class='ocrx_word' id='word_1_157' title='bbox 1107 2240 1201 2292; x_wconf 93' lang='lat' dir='ltr'>illa</span> <span class='ocrx_word' id='word_1_158' title='bbox 1238 2239 1457 2293; x_wconf 86' lang='lat' dir='ltr'>interior</span> <span class='ocrx_word' id='word_1_159' title='bbox 1496 2224 1656 2305; x_wconf 84' lang='lat' dir='ltr'>atque</span> <span class='ocrx_word' id='word_1_160' title='bbox 1694 2238 1826 2307; x_wconf 92' lang='lat' dir='ltr'>poli-</span> 
     </span>
     <span class='ocr_line' id='line_1_23' title="bbox 227 2328 1828 2397; baseline 0 -16"><span class='ocrx_word' id='word_1_161' title='bbox 227 2329 329 2381; x_wconf 90' lang='lat' dir='ltr'>tior</span> <span class='ocrx_word' id='word_1_162' title='bbox 381 2346 413 2382; x_wconf 90' lang='lat' dir='ltr'>a</span> <span class='ocrx_word' id='word_1_163' title='bbox 465 2329 677 2383; x_wconf 91' lang='lat' dir='ltr'>nemine</span> <span class='ocrx_word' id='word_1_164' title='bbox 724 2346 832 2382; x_wconf 93' lang='lat' dir='ltr'>non</span> <span class='ocrx_word' id='word_1_165' title='bbox 889 2330 1050 2397; x_wconf 90' lang='lat' dir='ltr'>paulo</span> <span class='ocrx_word' id='word_1_166' title='bbox 1090 2329 1404 2382; x_wconf 91' lang='lat' dir='ltr'>humaniore</span> <span class='ocrx_word' id='word_1_167' title='bbox 1443 2328 1742 2396; x_wconf 87' lang='lat' dir='ltr'>suspicitur,</span> <span class='ocrx_word' id='word_1_168' title='bbox 1795 2345 1828 2381; x_wconf 88' lang='lat' dir='ltr'>a</span> 
     </span>
     <span class='ocr_line' id='line_1_24' title="bbox 229 2416 1826 2487; baseline 0.001 -17"><span class='ocrx_word' id='word_1_169' title='bbox 229 2435 314 2471; x_wconf 91' lang='lat' dir='ltr'>me</span> <span class='ocrx_word' id='word_1_170' title='bbox 359 2422 411 2472; x_wconf 90' lang='lat' dir='ltr'>et</span> <span class='ocrx_word' id='word_1_171' title='bbox 450 2418 734 2487; x_wconf 87' lang='lat' dir='ltr'>suspicitur</span> <span class='ocrx_word' id='word_1_172' title='bbox 765 2423 816 2472; x_wconf 91' lang='lat' dir='ltr'>et</span> <span class='ocrx_word' id='word_1_173' title='bbox 850 2423 1070 2471; x_wconf 88' lang='lat' dir='ltr'>amatur.</span> <span class='ocrx_word' id='word_1_174' title='bbox 1111 2418 1294 2471; x_wconf 85' lang='lat' dir='ltr'>hocin</span> <span class='ocrx_word' id='word_1_175' title='bbox 1321 2434 1583 2487; x_wconf 89' lang='lat' dir='ltr'>praesens</span> <span class='ocrx_word' id='word_1_176' title='bbox 1611 2417 1684 2484; x_wconf 86' lang='lat' dir='ltr'>fit,</span> <span class='ocrx_word' id='word_1_177' title='bbox 1724 2416 1826 2471; x_wconf 86' lang='lat' dir='ltr'>hoc</span> 
     </span>
     <span class='ocr_line' id='line_1_25' title="bbox 227 2505 1826 2576; baseline 0 -18"><span class='ocrx_word' id='word_1_178' title='bbox 227 2505 372 2560; x_wconf 89' lang='lat' dir='ltr'>idem</span> <span class='ocrx_word' id='word_1_179' title='bbox 413 2507 504 2560; x_wconf 89' lang='lat' dir='ltr'>fiet</span> <span class='ocrx_word' id='word_1_180' title='bbox 541 2508 595 2559; x_wconf 90' lang='lat' dir='ltr'>in</span> <span class='ocrx_word' id='word_1_181' title='bbox 635 2512 925 2576; x_wconf 88' lang='lat' dir='ltr'>posterum.</span> <span class='ocrx_word' id='word_1_182' title='bbox 968 2524 1082 2560; x_wconf 92' lang='lat' dir='ltr'>sum</span> <span class='ocrx_word' id='word_1_183' title='bbox 1124 2513 1176 2561; x_wconf 91' lang='lat' dir='ltr'>et</span> <span class='ocrx_word' id='word_1_184' title='bbox 1215 2524 1304 2561; x_wconf 93' lang='lat' dir='ltr'>ero</span> <span class='ocrx_word' id='word_1_185' title='bbox 1341 2508 1574 2560; x_wconf 90' lang='lat' dir='ltr'>Tuarum</span> <span class='ocrx_word' id='word_1_186' title='bbox 1608 2505 1826 2559; x_wconf 91' lang='lat' dir='ltr'>laudum</span> 
     </span>
     <span class='ocr_line' id='line_1_26' title="bbox 228 2594 1823 2663; baseline -0.001 -15"><span class='ocrx_word' id='word_1_187' title='bbox 228 2594 272 2648; x_wconf 88' lang='lat' dir='ltr'>si</span> <span class='ocrx_word' id='word_1_188' title='bbox 312 2613 420 2648; x_wconf 92' lang='lat' dir='ltr'>non</span> <span class='ocrx_word' id='word_1_189' title='bbox 446 2595 688 2663; x_wconf 86' lang='lat' dir='ltr'>idoneus,</span> <span class='ocrx_word' id='word_1_190' title='bbox 731 2597 921 2650; x_wconf 87' lang='lat' dir='ltr'>saltem</span> <span class='ocrx_word' id='word_1_191' title='bbox 945 2597 1239 2651; x_wconf 88' lang='lat' dir='ltr'>benevolus</span> <span class='ocrx_word' id='word_1_192' title='bbox 1267 2596 1593 2650; x_wconf 86' lang='lat' dir='ltr'>buccinator.</span> <span class='ocrx_word' id='word_1_193' title='bbox 1635 2594 1823 2649; x_wconf 91' lang='lat' dir='ltr'>merito</span> 
     </span>
     <span class='ocr_line' id='line_1_27' title="bbox 227 2677 1824 2752; baseline 0.001 -16"><span class='ocrx_word' id='word_1_194' title='bbox 227 2701 400 2738; x_wconf 88' lang='lat' dir='ltr'>meres</span> <span class='ocrx_word' id='word_1_195' title='bbox 453 2690 509 2737; x_wconf 89' lang='lat' dir='ltr'>ut</span> <span class='ocrx_word' id='word_1_196' title='bbox 564 2685 808 2752; x_wconf 87' lang='lat' dir='ltr'>diligare,</span> <span class='ocrx_word' id='word_1_197' title='bbox 863 2685 1041 2739; x_wconf 89' lang='lat' dir='ltr'>anima</span> <span class='ocrx_word' id='word_1_198' title='bbox 1079 2703 1200 2739; x_wconf 91' lang='lat' dir='ltr'>mea</span> <span class='ocrx_word' id='word_1_199' title='bbox 1242 2691 1293 2740; x_wconf 92' lang='lat' dir='ltr'>et</span> <span class='ocrx_word' id='word_1_200' title='bbox 1332 2685 1468 2737; x_wconf 81' lang='lat' dir='ltr'>vita!</span> <span class='ocrx_word' id='word_1_201' title='bbox 1542 2677 1626 2738; x_wconf 29' lang='lat' dir='ltr'>*Te</span> <span class='ocrx_word' id='word_1_202' title='bbox 1665 2702 1699 2738; x_wconf 88' lang='lat' dir='ltr'>a</span> <span class='ocrx_word' id='word_1_203' title='bbox 1738 2701 1824 2738; x_wconf 91' lang='lat' dir='ltr'>me</span> 
     </span>
     <span class='ocr_line' id='line_1_28' title="bbox 227 2773 948 2842; baseline 0.003 -16"><span class='ocrx_word' id='word_1_204' title='bbox 227 2773 394 2826; x_wconf 90' lang='lat' dir='ltr'>amari</span> <span class='ocrx_word' id='word_1_205' title='bbox 436 2773 640 2842; x_wconf 90' lang='lat' dir='ltr'>crepitu</span> <span class='ocrx_word' id='word_1_206' title='bbox 678 2775 948 2842; x_wconf 67' lang='lat' dir='ltr'>probabis</span> 
     </span>
    </p>

    <p class='ocr_par' dir='ltr' id='par_1_3' title="bbox 227 2858 1823 3021">
     <span class='ocr_line' id='line_1_29' title="bbox 339 2858 1823 2931; baseline 0.001 -17"><span class='ocrx_word' id='word_1_207' title='bbox 339 2863 515 2915; x_wconf 86' lang='lat' dir='ltr'>Tanta</span> <span class='ocrx_word' id='word_1_208' title='bbox 557 2868 638 2915; x_wconf 90' lang='lat' dir='ltr'>est</span> <span class='ocrx_word' id='word_1_209' title='bbox 677 2863 779 2915; x_wconf 87' lang='lat' dir='ltr'>Tui</span> <span class='ocrx_word' id='word_1_210' title='bbox 816 2858 870 2915; x_wconf 82' lang='lat' dir='ltr'>in</span> <span class='ocrx_word' id='word_1_211' title='bbox 910 2881 994 2917; x_wconf 91' lang='lat' dir='ltr'>me</span> <span class='ocrx_word' id='word_1_212' title='bbox 1038 2864 1196 2916; x_wconf 90' lang='lat' dir='ltr'>officii</span> <span class='ocrx_word' id='word_1_213' title='bbox 1236 2863 1567 2931; x_wconf 79' lang='lat' dir='ltr'>magnitude,</span> <span class='ocrx_word' id='word_1_214' title='bbox 1609 2868 1666 2916; x_wconf 86' lang='lat' dir='ltr'>ut</span> <span class='ocrx_word' id='word_1_215' title='bbox 1705 2880 1823 2916; x_wconf 88' lang='lat' dir='ltr'>cum</span> 
     </span>
     <span class='ocr_line' id='line_1_30' title="bbox 227 2951 1821 3021; baseline 0.003 -18"><span class='ocrx_word' id='word_1_216' title='bbox 227 2951 310 3004; x_wconf 88' lang='lat' dir='ltr'>Tu</span> <span class='ocrx_word' id='word_1_217' title='bbox 351 2954 404 3005; x_wconf 91' lang='lat' dir='ltr'>et</span> <span class='ocrx_word' id='word_1_218' title='bbox 442 2951 662 3005; x_wconf 86' lang='lat' dir='ltr'>consilio</span> <span class='ocrx_word' id='word_1_219' title='bbox 705 2957 757 3005; x_wconf 91' lang='lat' dir='ltr'>et</span> <span class='ocrx_word' id='word_1_220' title='bbox 794 2969 852 3006; x_wconf 90' lang='lat' dir='ltr'>re</span> <span class='ocrx_word' id='word_1_221' title='bbox 892 2952 1079 3006; x_wconf 88' lang='lat' dir='ltr'>iuvare</span> <span class='ocrx_word' id='word_1_222' title='bbox 1118 2969 1204 3006; x_wconf 93' lang='lat' dir='ltr'>me</span> <span class='ocrx_word' id='word_1_223' title='bbox 1243 2969 1513 3021; x_wconf 87' lang='lat' dir='ltr'>nunquam</span> <span class='ocrx_word' id='word_1_224' title='bbox 1555 2951 1821 3007; x_wconf 87' lang='lat' dir='ltr'>destiteris</span> 
     </span>
    </p>
   </div>
  </div>
 </body>
</html>
