2098 3470
378 330 479 384 138
876 333 975 378 Lib.
1014 332 1110 377 VII.
1175 333 1410 379 Politeles.

487 467 609 521 270.
655 466 937 522 Ofellas
977 474 1296 535 garatas:
1339 468 1493 539 ponis
1536 468 1723 521 ofellas
1761 470 1815 522 in
1851 487 1958 523 sar-

373 543 571 609 tagine,
626 541 829 595 adicies
881 542 1149 611 liquamen
1200 544 1337 595 libra
1377 559 1497 608 una,
1553 543 1656 596 olei
1706 544 1958 611 similiter,

375 615 546 668 mellis
588 616 911 681 aliquantum
968 622 1020 670 et
1059 623 1133 670 sic
1184 617 1349 683 frigiS.
1432 615 1706 669 Ofellas
1758 635 1960 672 assas

374 689 726 755 exbromabiS‚
770 689 1052 756 diligenter
1093 696 1144 742 et
1180 692 1235 741 in
1275 690 1600 756 sartaginem
1640 691 1814 743 mittis.
1871 691 1958 743 fri-

373 779 470 829 ges
511 779 800 829 oenogarO.
842 769 1033 831 postea
1073 764 1223 816 simul
1267 781 1383 817 cum
1423 765 1540 831 ipso
1583 781 1853 831 oenogaro
1883 765 1959 817 in-

370 836 513 890 feres
555 841 607 889 et
655 837 811 905 piper
859 837 1121 907 aspargis,
1200 838 1368 890 Aliter
1422 838 1638 890 ofellas:
1693 838 1747 889 in
1795 839 1960 904 liqua-

370 909 514 963 mine
554 909 816 975 frigantur
858 916 911 963 et
951 910 1159 963 calidae
1211 912 1369 964 melle
1421 916 1723 977 unguantur
1777 917 1829 964 et
1885 912 1960 965 sic

371 983 679 1037 inferantur.
761 983 850 1036 Of
860 986 1040 1037 ellas
1074 985 1462 1037 lasaratas:
1504 986 1663 1051 lasar‚
1695 985 1958 1052 gingiber,

372 1056 769 1110 cardamomum
821 1063 872 1111 et
921 1075 1024 1110 uno
1065 1059 1345 1111 acetabulo
1397 1058 1712 1125 liquaminiS‚
1766 1059 1960 1112 misces

375 1131 638 1184 cominum
680 1130 761 1183 his
803 1131 1043 1185 omnibus
1083 1132 1215 1184 tritis
1258 1136 1309 1184 et
1347 1131 1419 1183 ibi
1460 1131 1647 1184 ofellas
1689 1148 1902 1198 coques,

485 1205 608 1257 271.
670 1204 1084 1258 Assaturae.
1146 1206 1456 1258 Assaturam
1495 1221 1671 1258 assam
1724 1223 1756 1257 a
1807 1205 1960 1258 furno

371 1278 631 1347 simplice.
666 1279 791 1331 salis
819 1279 1009 1348 purimi
1041 1295 1367 1347 conpensam
1398 1296 1515 1332 cum
1543 1280 1716 1332 melle.
1747 1278 1957 1333 inferes,

485 1353 608 1405 272.
673 1352 836 1405 Aliter
876 1357 1173 1405 assaturas:
1208 1353 1524 1420 *petrosilini
1573 1353 1832 1420 scripulos
1872 1354 1961 1407 VI.

370 1427 559 1479 lasaris
609 1424 868 1494 scripulos
908 1427 999 1478 VI.
1053 1426 1343 1493 gingiberis
1398 1426 1656 1494 scripulos
1696 1427 1771 1478 VI
1828 1426 1962 1479 lauri

369 1501 534 1553 bacas
573 1501 635 1552 V.
694 1500 1031 1566 condimenti,
1086 1500 1275 1553 lasaris
1326 1499 1522 1552 radicis
1571 1499 1830 1567 scripulos
1868 1501 1959 1553 VI.

369 1661 448 1716 gil.
488 1674 581 1704 cur.
616 1661 757 1704 boum
788 1674 832 1715 p.
865 1660 935 1703 41.
978 1660 1124 1704 addas

375 1720 534 1774 „panis
581 1732 727 1774 posca
784 1718 989 1763 infusus“
1049 1733 1121 1775 ap.

370 1778 497 1822 Cael.
532 1777 691 1823 Aurel.
729 1778 882 1822 chron.
917 1780 959 1829 3,
993 1779 1031 1821 2.

461 1837 522 1881 ad
542 1838 641 1881 270.
678 1850 734 1882 ex
765 1838 982 1892 Excerpt.
1018 1838 1118 1882 cod.

369 1897 552 1940 salmas.
590 1923 641 1926 ——
688 1897 895 1940 adices
929 1896 1031 1940 cod.
1068 1922 1119 1925 --

368 1956 415 1999 in
449 1960 635 2010 promtu
669 1959 769 1999 erat
798 1956 1028 2011 corrigere
1061 1955 1122 1998 li-

369 2015 668 2070 quaminis
696 2014 911 2057 libram
940 2026 1121 2066 unam,

369 2074 481 2117 nolo
515 2087 626 2117 vero
659 2072 942 2117 medicorum
971 2073 1123 2116 latini—

369 2132 459 2175 tati
492 2133 680 2177 mederi.
716 2158 770 2164 -
815 2132 1123 2176 exbroma-

368 2191 463 2234 bis
512 2190 656 2235 facies
703 2196 755 2235 ut
802 2204 1005 2235 umorem
1049 2204 1123 2233 ex-

336 2251 338 2253 ’
367 2255 542 2305 spuant
574 2251 672 2293 266.
718 2251 775 2294 de
817 2263 958 2294 novo.
980 2249 1122 2293 verbo

367 2310 469 2351 216.
515 2334 568 2338 »-
615 2309 872 2364 inogaru
921 2308 1022 2352 cod.
1067 2333 1120 2338 -

367 2367 682 2411 lasaratas
729 2381 814 2422 pro
863 2370 1121 2422 garaton

366 2430 415 2470 et
459 2431 675 2469 craton
723 2426 896 2470 codicis
938 2438 1121 2468 manum

367 2498 469 2529 esse
514 2483 657 2540 Apici
701 2485 832 2528 vides
878 2498 934 2528 ex
975 2484 1123 2539 prima

368 2544 525 2598 specie
558 2549 608 2587 et
639 2545 739 2587 393.
774 2544 872 2586 243.
908 2568 960 2572 —-
1004 2543 1122 2585 zin-

364 2602 540 2658 giber
588 2627 640 2631 —
701 2601 1016 2645 acitabulo
1075 2606 1124 2644 et

368 2674 491 2704 cum
523 2674 608 2715 pro
641 2662 920 2704 cominum
942 2660 1042 2704 cod.
1064 2660 1122 2703 de

366 2733 459 2775 quo
494 2720 593 2762 969.

485 2778 549 2821 ad
596 2779 696 2821 271.
777 2777 1119 2832 simplicem

369 2836 508 2880 codd.
570 2837 631 2880 ad
692 2849 842 2880 meam
892 2836 1119 2879 rationem

368 2895 533 2950 supple
550 2896 623 2939 vel
641 2898 932 2950 „oenogaro“
950 2908 1005 2938 cx
1020 2895 1118 2938 107.

367 2953 464 2998 140.
499 2954 575 2998 vel
620 2954 746 3010 quod
777 2953 991 3009 praefero
1028 2954 1118 3006 „iu-

1215 1663 1290 1704 re“
1327 1673 1382 1704 ex
1414 1661 1514 1704 334.
1548 1661 1647 1704 370.
1693 1667 1740 1705 et
1770 1663 1961 1705 verbum

1219 1720 1426 1775 „tangis“
1450 1720 1523 1762 vel
1545 1719 1850 1774 „perfundis“.
1870 1734 1962 1775 pu-

1214 1779 1344 1821 rimi
1389 1778 1610 1822 odoribus
1652 1793 1742 1822 non
1787 1779 1962 1823 conditi

1213 1837 1288 1882 vel
1318 1838 1501 1883 candidi
1531 1851 1644 1881 corr.
1670 1851 1725 1881 ex
1741 1839 1841 1881 327.
1860 1839 1959 1881 366.

1213 1897 1373 1940 Horat.
1410 1910 1542 1940 serm.
1579 1898 1618 1947 1,
1650 1898 1693 1947 3,
1728 1897 1791 1939 14.
1827 1897 1957 1941 ovid.

1214 1955 1321 1999 fast.
1367 1956 1405 2006 1,
1437 1956 1536 1998 338.
1582 1969 1666 2010 pro
1706 1955 1959 2011 plurimi.

1215 2015 1275 2057 ad
1317 2013 1512 2057 formam
1552 2015 1698 2058 minus
1741 2015 1960 2058 usitatam

1216 2072 1270 2116 cf.
1307 2074 1430 2130 Fest.
1464 2074 1508 2116 in
1541 2074 1716 2128 purime
1749 2078 1797 2118 et
1823 2074 1884 2116 ad
1903 2073 1960 2116 si-

1214 2132 1366 2175 milem
1405 2133 1720 2183 „maturrime“
1746 2133 1882 2175 Halm
1899 2131 1960 2175 ad

1216 2191 1359 2234 Cicer.
1394 2204 1477 2244 pro
1511 2190 1644 2234 Caec.
1678 2192 1719 2241 2,
1754 2192 1790 2234 7.
1827 2191 1959 2234 Kritz

1215 2250 1275 2292 ad
1309 2249 1496 2292 Sallust.
1538 2248 1589 2292 fr.
1635 2263 1677 2304 p.
1712 2250 1783 2293 80.
1823 2263 1958 2293 con-

1214 2320 1448 2363 pensam
1492 2314 1819 2363 conpensatam
1853 2321 1959 2363 por-

1213 2367 1401 2417 tionem,
1444 2367 1577 2409 simul
1626 2371 1866 2421 pensatam
1907 2372 1959 2410 ut

1213 2425 1395 2479 pondus
1443 2425 1552 2468 salis
1601 2430 1648 2468 et
1694 2426 1843 2469 mellis
1884 2437 1958 2469 ae-

1214 2488 1393 2539 quetur,
1438 2484 1533 2526 sale
1583 2496 1674 2538 qua
1719 2489 1767 2527 et
1808 2484 1958 2534 melle,

1213 2543 1274 2585 ad
1321 2543 1420 2585 269.
1469 2556 1524 2585 ex
1572 2559 1594 2596 γ
1641 2543 1823 2586 restitui
1873 2556 1957 2597 pro

1215 2613 1609 2656 conspersam.
1662 2601 1794 2644 Hum.
1842 2615 1957 2645 corr.

1213 2660 1339 2703 sale
1371 2660 1626 2714 plurimo
1669 2672 1866 2714 consp.

1300 2718 1360 2761 ad
1379 2719 1479 2762 272.
1513 2718 1744 2773 gengib.
1764 2722 1866 2760 θκπ.
1886 2719 1956 2761 29.

1211 2802 1266 2809 -
1301 2777 1664 2820 condimenti
1696 2777 1765 2820 56.
1790 2800 1843 2808 ——
1878 2789 1957 2819 ra-

1212 2836 1399 2879 dicem
1442 2835 1575 2878 codd.
1611 2848 1726 2879 corr.
1759 2848 1815 2878 ex
1855 2835 1953 2878 274.

1211 2919 1261 2923 —
1300 2898 1348 2935 et
1379 2907 1469 2937 uno
1503 2906 1597 2948 par.
1636 2919 1686 2923 --
1723 2894 1955 2938 modice

1211 2952 1345 2997 codd.
1384 2978 1434 2982 >-
1467 2953 1689 3007 piretri
1723 2954 1820 2997 181.
