2098 3470
377 283 449 340 60
925 289 1022 334 Lib.
1057 290 1137 338 ΙΙΙ.
1200 289 1420 346 CepurOS.

491 420 574 473 85.
619 421 812 474 Aliter:
868 422 1083 475 coliclos
1125 424 1343 476 condies
1384 427 1440 475 ut
1481 439 1655 491 supra,
1699 423 1964 476 admisces

380 493 550 547 olivas
589 495 786 549 virides
828 501 879 550 et
918 498 1082 550 semel
1123 496 1367 550 ferveant

491 569 576 621 86.
622 570 787 623 Aliter
827 571 1073 623 coliclos:
1127 571 1353 624 conditis
1394 575 1449 623 ut
1488 587 1650 633 supra
1691 569 1964 638 superfun-

380 640 460 694 dis
500 643 690 695 alicam
734 643 927 697 elixam
969 661 1083 698 cum
1125 645 1329 698 nucleis
1372 650 1424 700 et
1462 662 1565 697 uva
1592 661 1772 713 passa,
1808 661 1967 713 super

379 731 638 784 asparges
681 734 881 785 porros,

491 791 575 844 87.
617 792 888 844 Porros.
931 809 1117 860 porros
1145 798 1378 845 maturos
1405 792 1517 845 fieri
1552 808 1790 862 pugnum
1824 791 1966 856 saliS‚

380 880 573 929 aquam
614 870 665 918 et
705 866 878 918 oleum
919 867 1135 918 mixtum
1168 866 1334 919 facies
1365 871 1416 919 et
1444 866 1518 919 ibi
1554 882 1750 931 coques
1782 870 1834 917 et
1857 864 1966 917 exi-

379 954 508 992 mes.
553 956 668 992 curn
710 941 844 1006 ole0,
887 940 1189 1007 liquamine,
1231 957 1376 993 mero
1421 945 1472 993 et
1511 939 1725 992 inferes.

491 1013 578 1066 88.
628 1013 822 1067 Aliter:
876 1030 1064 1082 porros
1119 1015 1330 1085 operias
1379 1013 1518 1067 foliis
1572 1013 1877 1067 coliclorum
1919 1016 1970 1064 et

379 1085 434 1139 in
471 1087 655 1155 prunis
697 1105 913 1157 coqueS,
957 1092 1010 1139 ut
1048 1104 1210 1157 supra
1251 1093 1302 1141 et
1340 1087 1552 1141 inferes,

492 1162 579 1214 89.
633 1162 824 1216 Aliter:
879 1178 1067 1232 porros
1118 1162 1170 1215 in
1225 1161 1350 1216 basa
1401 1167 1582 1215 coctos
1622 1165 1679 1212 ut
1718 1176 1880 1230 supra
1921 1163 1972 1212 et

379 1234 593 1289 inferes

493 1311 579 1363 90.
635 1309 801 1362 Aliter
841 1326 1060 1377 porros:
1115 1309 1160 1362 si
1212 1308 1265 1361 in
1314 1325 1540 1375 aequam
1583 1307 1763 1361 elixati
1805 1310 1971 1373 erunt,

380 1383 540 1438 basae
581 1382 817 1436 nondum
860 1383 1107 1436 conditae
1149 1384 1427 1454 plurimum
1470 1382 1706 1435 admisce
1737 1380 1971 1434 conditu-

380 1473 472 1512 rae
512 1459 565 1511 in
607 1474 711 1526 qua
752 1474 844 1510 eos
883 1457 1298 1511 manducaturus
1340 1473 1411 1509 es

471 1575 531 1619 ad
554 1575 623 1619 85.
659 1574 933 1619 conditis
966 1574 1062 1619 flor.
1083 1579 1134 1618 ut

380 1635 454 1680 86.
511 1635 696 1680 semel
754 1647 866 1678 corr·
916 1648 1000 1690 pro
1055 1634 1133 1678 si-

380 1694 497 1739 mul
531 1695 599 1738 65.

471 1754 533 1798 ad
565 1754 635 1797 86.
698 1752 968 1797 conditis
1016 1752 1133 1796 dati-

381 1826 467 1858 vus
500 1818 583 1857 est.
610 1838 659 1842 ——
695 1825 862 1856 uvam
894 1824 1133 1867 passam

381 1887 415 1912 π
446 1873 580 1916 Hum.
616 1885 704 1928 ego
739 1885 794 1915 ex
827 1884 955 1927 seqq.
995 1884 1133 1926 por-

379 1946 476 1976 ros
525 1931 614 1975 huc
659 1931 794 1981 traxi,
843 1936 894 1974 ut
947 1943 1133 1985 porrum

379 1991 623 2046 adspergit
654 1996 812 2034 noster
844 1991 913 2033 83.

471 2050 532 2093 ad
563 2051 633 2093 87.
669 2050 729 2093 ad
766 2061 959 2104 „aquam
993 2053 1040 2092 et
1072 2048 1132 2091 ol.

380 2110 509 2153 mixt.
544 2108 661 2152 fac.“
699 2108 754 2152 cf.
791 2109 890 2151 250.
912 2108 1011 2151 268.
1029 2107 1132 2151 430.

381 2181 504 2225 aqua
538 2168 690 2212 calida
709 2168 815 2211 oleo
834 2168 978 2210 mixta
999 2165 1131 2221 ὑδρέ-

379 2229 497 2267 λαιον
541 2232 613 2272 est
657 2227 780 2271 Cael.
815 2226 976 2270 Aurel.
1011 2230 1130 2269 aeut.

382 2288 421 2337 1,
459 2288 526 2330 19.
572 2287 677 2330 coll.
724 2284 955 2329 Plutarch.
1000 2285 1051 2327 T.
1091 2285 1131 2327 8.

380 2359 423 2401 p.
461 2346 547 2389 634
578 2346 631 2388 R.
652 2345 709 2388 al.
746 2343 801 2388 cf.
823 2345 892 2387 54.
914 2344 1012 2386 118.
1034 2344 1131 2386 123.

388 2404 482 2448 145.
504 2405 604 2448 254.
624 2404 740 2447 Plin.
763 2405 832 2454 23,
852 2404 922 2446 83.
953 2403 1133 2453 „oleum

378 2477 480 2507 cum
537 2464 637 2518 pari
685 2463 847 2506 caldae
905 2462 1130 2504 mixtura“

377 2523 504 2567 illam
522 2523 716 2578 primam
741 2523 986 2564 mixturam
1009 2520 1133 2563 abici

376 2582 508 2625 vides
552 2595 608 2625 ex
647 2581 827 2624 medico
877 2581 923 2623 in
966 2579 1134 2623 Ideleri

379 2640 512 2695 Corp.
547 2640 710 2683 Medic.
745 2640 801 2682 ΙΙ.
847 2652 890 2693 p.
926 2639 1027 2689 263,
1063 2639 1130 2680 12.

379 2725 432 2731 -
467 2704 526 2743 et
557 2712 719 2742 mero
754 2697 889 2741 codd.

466 2758 616 2801 ad88.
651 2757 905 2812 operias
938 2756 964 2798 i.
988 2769 1024 2799 e.
1057 2768 1131 2799 co-

374 2817 527 2872 perias
546 2816 638 2861 feci
658 2829 715 2860 ex
733 2815 834 2859 cod.
854 2828 951 2869 par.
971 2827 1041 2869 ap
1055 2827 1131 2858 er-

375 2888 470 2919 eas
524 2880 572 2919 et
627 2875 909 2930 reliquorum
957 2886 1131 2928 aper-

376 2938 486 2979 tos.
548 2935 681 2978 Hum.
739 2933 812 2978 ed.
863 2937 1130 2989 opertos.

1222 1574 1383 1618 similis
1402 1571 1609 1618 confusio
1623 1573 1721 1616 253.
1737 1572 1835 1615 372.
1856 1571 1971 1614 Plin.

1225 1634 1294 1684 18,
1337 1635 1437 1677 345.
1483 1633 1602 1677 Cels.
1639 1633 1677 1682 1,
1711 1633 1751 1674 2.
1794 1631 1972 1686 inpri-

1155 1708 1159 1711 ⁴
1223 1694 1334 1737 mis
1368 1705 1465 1749 par.
1501 1698 1548 1736 et
1579 1690 1675 1734 flor.

1312 1782 1373 1825 ad
1397 1782 1465 1824 89.
1502 1781 1646 1824 deest.
1681 1779 1727 1822 in
1758 1795 1795 1834 y.
1829 1777 1973 1822 bafa

1224 1845 1271 1885 et
1303 1842 1371 1884 90.
1407 1839 1582 1884 basae
1611 1838 1973 1882 consonantibus

1224 1900 1461 1943 translatis
1505 1898 1667 1953 scripsi
1709 1911 1792 1952 pro
1826 1897 1974 1940 baca

1225 1964 1272 2003 et
1314 1958 1508 2002 fabae.
1550 1959 1616 2001 sic
1659 1969 1741 2001 eae
1775 1970 1974 2000 commu-

1225 2024 1384 2062 tantur
1415 2019 1460 2061 in
1498 2016 1730 2070 „fnrvum“
1768 2021 1815 2059 et
1850 2029 1973 2068 „cur-

1225 2081 1357 2121 vum“
1380 2078 1590 2132 Propert.
1610 2077 1651 2125 5,
1673 2077 1711 2126 7,
1730 2077 1798 2118 27.
1834 2074 1973 2118 Lach.

1229 2135 1426 2189 „fulina“
1471 2141 1518 2179 et
1554 2135 1758 2187 „culina“
1804 2133 1880 2177 Sil.
1915 2134 1970 2176 It.

1225 2197 1267 2246 6,
1304 2196 1400 2239 149.
1436 2195 1628 2239 Salmas.
1649 2194 1709 2236 ad
1727 2194 1864 2236 Inscr.
1884 2192 1973 2236 He-

1225 2255 1323 2298 rod.
1343 2268 1387 2309 p.
1407 2255 1476 2297 51.
1512 2251 1652 2297 basa
1683 2252 1837 2307 bapha
1854 2250 1971 2304 βαφὴ

1225 2319 1297 2357 est
1314 2313 1478 2365 βάμμα,
1503 2314 1711 2365 ἴνβαμμα,
1746 2311 1973 2355 enbamba

1227 2374 1324 2416 103.
1359 2372 1578 2414 intinctus
1622 2371 1735 2413 Plin.
1774 2371 1842 2420 15,
1875 2370 1971 2411 118.

1225 2433 1294 2483 20,
1329 2432 1399 2481 65,
1433 2431 1500 2473 80.
1536 2443 1625 2485 quo
1645 2430 1749 2472 loco
1768 2428 1973 2472 brassica

1226 2504 1281 2535 ex
1308 2491 1503 2533 intinctu
1521 2489 1725 2533 sumitur.
1746 2489 1877 2531 Hum.
1899 2487 1970 2531 ed.

1223 2551 1280 2593 in
1314 2549 1586 2593 caccabo.

1314 2637 1375 2680 ad
1393 2637 1466 2682 90.
1498 2647 1711 2690 porros
1736 2634 1782 2676 in
1813 2633 1972 2676 melio-

1222 2696 1350 2739 ribus
1368 2708 1452 2749 pro
1484 2693 1664 2749 porri.
1696 2692 1972 2747 particulam

1224 2767 1252 2797 a
1283 2754 1445 2797 vicinis
1478 2753 1652 2802 elisam,
1686 2756 1738 2795 ut
1768 2752 1834 2793 15.
1872 2751 1971 2795 125.

1224 2813 1386 2856 addidi
1432 2825 1515 2866 pro
1558 2811 1691 2853 Hum.
1737 2823 1868 2853 cum.
1916 2835 1970 2840 —-

1223 2872 1279 2914 in
1337 2883 1580 2926 aequam
1638 2882 1798 2924 aeque,
1847 2872 1970 2913 recte

1224 2931 1322 2974 269.
1358 2944 1471 2975 corr.
1505 2942 1589 2986 pro
1624 2929 1669 2972 in
1701 2941 1919 2984 aquam.
