2098 3470
374 366 482 417 200
836 366 933 409 Lib.
968 367 1024 410 X.
1086 366 1251 410 Alieus
1283 367 1470 415 libatus..

483 498 606 548 461.
648 498 814 569 Aliter
852 498 933 550 ius
972 498 1027 550 in
1071 517 1290 553 murena
1342 518 1492 554 assa:
1547 500 1716 568 piper,
1770 501 1957 567 ligisti-

373 587 507 636 cum,
560 587 732 638 pruna
787 570 1127 639 damascena,
1182 574 1377 640 vinum,
1433 574 1675 640 mulsum,
1731 580 1955 641 acetum,

370 644 653 710 liquamen,
696 643 989 711 defrictum,
1032 647 1205 699 oleum
1247 652 1299 698 ct
1338 663 1551 715 coques

482 718 608 769 462.
649 717 815 771 Aliter
852 718 932 770 ius
971 718 1026 770 in
1074 737 1294 773 murena
1346 737 1495 774 assa:
1549 720 1720 788 piper,
1772 719 1956 786 ligisti-

372 807 506 856 cum,
549 795 800 861 nepetam
839 797 1161 860 montanam,
1205 793 1469 846 coriandri
1509 810 1708 858 semen,
1751 809 1955 860 cepam,

372 865 591 916 nucleos
629 865 835 932 pineOS,
888 866 1009 931 mel,
1062 871 1286 933 acetum,
1340 867 1627 935 liquamen,
1682 866 1853 919 oleum
1908 871 1960 920 et

372 954 584 1004 coques.

481 1012 606 1063 463.
650 1011 817 1064 Aliter
855 1010 936 1064 ius
975 1011 1289 1075 inmurena
1341 1028 1491 1064 assa:
1547 1011 1717 1081 piper,
1771 1012 1954 1077 ligisti-

372 1101 506 1150 cum,
549 1089 778 1151 anetum,
833 1085 922 1155 api
974 1101 1173 1151 semen,
1226 1102 1314 1138 rus
1368 1085 1629 1153 siriacum,
1682 1085 1952 1151 cariotam,

370 1158 489 1224 mel,
531 1162 756 1224 acetum,
797 1159 1082 1225 liquamen,
1125 1159 1315 1224 oleum,
1358 1175 1577 1225 senape,
1619 1157 1914 1210 defrictum.

481 1231 605 1283 464.
661 1232 890 1284 Aliter
929 1232 1038 1283 ius
1078 1232 1144 1283 in
1184 1249 1466 1284 murena
1508 1231 1728 1284 elixa:
1783 1232 1952 1299 piper,

368 1303 671 1371 ligisticum,
724 1322 954 1370 careum,
1008 1305 1096 1375 api
1151 1322 1349 1371 semen,
1405 1304 1757 1370 coriandrum,
1811 1321 1954 1358 men-

368 1382 476 1429 tam
515 1378 735 1444 aridam,
784 1380 1003 1431 nucleos
1049 1379 1257 1446 pineOS,
1310 1383 1497 1443 rutam,
1552 1378 1673 1442 mel,
1726 1383 1953 1444 acetum,

368 1451 564 1517 vinum,
605 1452 890 1520 liquamen,
922 1452 1096 1505 oleum
1126 1451 1348 1504 modice.
1383 1451 1670 1505 calefacies
1700 1459 1752 1504 et
1780 1452 1954 1504 amolo

370 1525 648 1590 obligabis.

479 1599 601 1651 465.
664 1598 890 1651 Aliter
927 1598 1032 1650 ius
1083 1598 1149 1650 in
1188 1614 1469 1651 murena
1509 1597 1733 1650 elixa:
1780 1597 1951 1666 piper,

367 1671 668 1738 ligisticum,
711 1688 939 1738 careum,
984 1672 1245 1736 ciminum,
1286 1672 1522 1738 nucleOS,
1566 1670 1836 1737 cariotam,
1873 1687 1953 1724 se-

367 1762 527 1813 nape,
568 1746 690 1812 mel,
732 1749 957 1812 acetum,
999 1745 1283 1812 liquamen,
1327 1746 1518 1812 oleum,
1562 1743 1857 1797 defrictum.

476 1819 602 1873 466.
655 1820 768 1872 Ius
806 1819 872 1870 in
910 1819 1108 1889 pisce
1150 1819 1372 1871 elixo:
1426 1818 1597 1886 piper,
1651 1817 1952 1884 ligisticum,

366 1892 747 1960 petrosilinum,
791 1891 1084 1959 origanum,
1141 1908 1330 1959 cepam
1383 1892 1603 1958 aridam,
1656 1891 1777 1957 mel,
1833 1907 1953 1943 ace-

365 1971 494 2033 tum,
533 1966 817 2033 liquamen,
859 1966 1054 2032 vinum,
1084 1966 1259 2018 oleum
1285 1963 1523 2018 modice?
1562 1981 1681 2018 cum
1710 1964 1952 2030 bullierit,

367 2040 543 2092 amolo
586 2040 793 2107 obligas
834 2043 886 2092 et
922 2039 977 2091 in
1015 2040 1171 2093 lance
1209 2037 1422 2092 inferes

365 2170 426 2214 ad
457 2170 658 2215 Macrob.
693 2174 781 2215 sat.
813 2172 855 2222 3,
891 2171 960 2222 15,
995 2171 1036 2214 7.
1058 2195 1112 2202 —
1209 2175 1441 2224 „cretmon
1496 2170 1686 2225 agri0n“
1743 2182 1799 2212 ex
1837 2168 1953 2211 Plin.

366 2242 763 2285 crocomagna
814 2229 948 2274 codd.
1003 2246 1112 2284 κρο-

364 2288 562 2343 κὸμαγμα
590 2301 774 2344 magma
792 2289 915 2332 croci
936 2301 971 2332 s.
991 2300 1115 2331 man-

364 2359 424 2390 na
457 2348 579 2391 croci
622 2346 729 2390 faex
763 2347 983 2403 unguenti
1016 2359 1113 2390 cro-

366 2406 455 2450 cini
525 2406 716 2450 medicis
783 2407 1112 2450 committatur.

364 2465 497 2509 Hum.
548 2465 618 2509 ed.
673 2478 906 2509 crocum
953 2477 1112 2521 mag-

364 2537 505 2568 num.
547 2523 658 2567 mih-i
701 2538 838 2567 unum
883 2537 1112 2568 crocum

365 2596 466 2626 cum
497 2595 592 2638 par.
626 2583 741 2626 satis
774 2587 846 2627 est
884 2588 932 2627 ct
962 2583 1113 2627 adiec-

363 2645 462 2685 tum
507 2645 728 2697 „magna“
784 2642 981 2698 margini
1022 2655 1114 2685 me-

364 2700 456 2744 dici
498 2701 690 2745 alicuius
738 2701 940 2745 remitto.
990 2701 1112 2744 coni·

365 2761 459 2803 cias
480 2759 756 2813 „cariotam“
788 2760 862 2803 vel
890 2771 1114 2813 „erucam‚

363 2821 591 2862 mentam“
637 2831 693 2862 ex
733 2818 838 2862 438.
878 2819 952 2862 vel
999 2818 1116 2872 „ori-

363 2881 559 2933 ganum⁶⁴
595 2878 671 2921 vel
708 2891 917 2931 „crocum
949 2878 996 2920 in
1039 2890 1114 2921 ae-

365 2939 528 2992 quam“
578 2937 673 2981 scil.
719 2937 996 2992 portionem,
1039 2935 1113 2980 vel

368 2995 762 3049 „cardamomum“
808 3009 867 3040 ex
910 2995 979 3039 35.
1038 2994 1111 3038 vel

1206 2230 1411 2298 252155.
1448 2230 1519 2281 26,
1553 2228 1624 2272 94.
1645 2229 1955 2272 82.ormen·on

1204 2300 1382 2344 agnon.

1292 2404 1354 2447 ad
1410 2403 1513 2447 463.
1577 2407 1811 2450 acetum
1868 2416 1953 2458 pro

1203 2467 1351 2508 anet.
1384 2463 1431 2506 in
1463 2475 1561 2506 sex.
1605 2488 1659 2494 --
1702 2476 1797 2506 rus
1831 2462 1955 2506 codi-

1204 2536 1305 2566 cum
1339 2526 1386 2565 et
1417 2522 1518 2565 477.
1550 2521 1652 2564 478.
1697 2526 1768 2565 est
1812 2520 1954 2564 rhus

1202 2583 1229 2625 i.
1277 2594 1314 2625 e.
1358 2594 1512 2625 semen
1563 2580 1689 2624 rhois
1733 2580 1955 2624 coriariae

1205 2642 1254 2683 L.
1304 2639 1647 2690 sumachbeere‚
1696 2639 1822 2694 quod
1869 2652 1954 2693 pro

1205 2699 1303 2743 sale
1337 2699 1544 2754 opsoniis
1572 2697 1954 2754 adspergebatur‚

1205 2758 1321 2802 Plin.
1356 2758 1427 2809 24,
1459 2759 1528 2801 93.
1563 2757 1722 2801 Diosc.
1772 2759 1810 2807 1,
1856 2755 1952 2798 147.

1208 2816 1371 2861 Galen.
1405 2828 1562 2871 expos.
1597 2827 1697 2859 voc.
1732 2815 1953 2869 Hippocr.

1203 2889 1247 2931 p.
1280 2875 1379 2918 554.
1423 2875 1598 2918 ‘Furcas
1640 2887 1696 2918 eo
1727 2873 1879 2917 adhuc
1910 2873 1956 2916 in

1205 2934 1511 2978 condimentis
1543 2933 1612 2977 uti
1654 2933 1866 2977 audimus
1909 2932 1954 2974 in

1203 2993 1374 3038 Sestini
1405 2991 1558 3038 Briefe
1601 2993 1645 3036 II
1676 3005 1719 3047 p.
1766 2991 1864 3035 143.
1902 3016 1954 3022 -
