2098 3470
675 290 774 337 Lib.
814 289 863 334 V.
929 290 1143 348 Ospreos.
1591 287 1691 342 107

111 442 251 492 num,
307 425 449 479 carei
501 423 782 491 modicum,
836 423 1109 477 suffundes
1169 423 1250 476 ius
1303 421 1371 476 de
1425 438 1522 476 suo
1575 421 1693 489 sibi,

111 500 231 553 vino
275 504 326 552 et
364 516 527 569 passo
567 498 910 570 temperabis,
952 498 1131 567 sepias
1170 496 1465 551 minutatim
1517 496 1693 554 conci-

111 574 192 627 dis
235 578 286 627 et
324 574 378 626 in
417 574 589 643 pisam
628 574 804 626 mittis.
847 572 1002 642 piper
1041 588 1318 641 asparges.

224 649 343 700 196.
397 648 576 702 Pisam
629 663 825 714 coques
877 664 941 700 ac
984 646 1139 700 liabis
1181 651 1234 699 et
1272 645 1446 698 mittes
1498 645 1552 698 in
1606 643 1693 697 fri-

106 721 301 789 gidam.
347 738 461 775 cum
502 721 914 788 refrigeraverit,
960 720 1155 775 deinde
1205 719 1465 787 agitabis:
1520 719 1697 773 conci-

108 796 204 850 des
246 813 433 864 cepam
472 795 770 848 minutatim
815 800 865 848 et
905 795 1266 849 albamentum
1309 793 1411 860 ovi,
1468 794 1587 848 oleo
1643 796 1697 847 et

103 871 217 923 sale
259 869 493 935 condies,
535 870 673 924 aceti
713 869 997 923 modicum.
1042 870 1244 924 adicies
1283 869 1338 923 in
1369 868 1594 922 boletari
1619 866 1694 921 vi-

101 944 282 997 tellum
322 944 408 996 ovi
448 944 601 1012 cocti,
644 945 869 1012 coloraS,
910 944 1130 1013 insuper
1170 945 1346 998 oleum
1374 942 1545 999 viride
1579 941 1694 996 mit-

102 1019 167 1073 tis
211 1022 263 1071 et
300 1017 515 1072 inferes

215 1093 335 1146 197.
409 1093 639 1146 Pisam
703 1092 1146 1147 vitellianam
1211 1091 1359 1146 sive
1429 1090 1691 1144 fabam:

99 1166 271 1235 pisam
311 1183 524 1235 coqueS‚
565 1167 681 1221 lias.
724 1172 865 1221 teres
901 1167 1070 1236 piper,
1098 1166 1402 1234 ligisticum,
1445 1165 1694 1234 gingiber

101 1245 152 1294 et
204 1258 365 1310 super
418 1241 757 1295 condimenta
821 1241 981 1295 mittis
1034 1241 1215 1295 vitella
1278 1257 1501 1294 ovorum
1554 1256 1694 1307 quae

100 1314 233 1369 dura
273 1316 498 1370 coxeris.
540 1316 712 1370 mellis
752 1333 870 1370 unc.
924 1317 1023 1368 III.
1064 1320 1223 1382 teres,
1276 1316 1563 1382 liquamen,
1617 1314 1692 1367 vi-

99 1406 222 1442 num
264 1394 316 1443 et
354 1395 579 1443 acetum.
621 1390 758 1444 haec
800 1390 977 1443 omnia
1017 1390 1176 1443 mittis
1214 1390 1270 1442 in
1311 1390 1603 1443 caccabum
1642 1393 1695 1442 et

100 1464 492 1518 condimentum
546 1482 682 1532 quae
747 1465 935 1518 trivisti
986 1464 1198 1518 adiecto
1254 1465 1373 1518 oleo
1427 1463 1584 1532 ponis
1639 1467 1695 1515 ut

97 1537 316 1592 ferveat.
360 1539 578 1592 condies
606 1538 793 1609 pisam.
836 1540 989 1607 libas,
1031 1539 1077 1592 si
1104 1555 1300 1609 aspera
1326 1538 1500 1606 fuerit,
1533 1537 1693 1593 melle

97 1612 235 1665 mitis
276 1617 328 1665 et
364 1612 576 1668 inferes

98 1759 252 1804 indico
284 1760 433 1817 nigro,
471 1762 531 1799 τῶ
566 1759 724 1816 ἷνδικῷ,
767 1774 849 1807 no·
939 1766 1120 1806 riantur.
1164 1761 1382 1806 Vitellius
1415 1760 1529 1806 facit
1560 1761 1695 1807 vitel-

98 1818 170 1863 bis
203 1818 351 1863 tusch.
386 1818 442 1864 cf.
468 1819 736 1865 Beckmann
767 1822 849 1865 Er-

98 1876 208 1922 find.
248 1878 312 1922 IV
354 1892 397 1934 p.
431 1879 533 1924 490.
578 1894 705 1937 seqq.
748 1894 849 1925 cum

99 1938 216 1981 Plin.
249 1938 320 1990 35,
353 1938 423 1982 43.
462 1938 638 1984 Athen.
674 1941 714 1992 7,
752 1940 846 1984 124.

100 1998 141 2048 8,
175 1997 244 2041 53.
281 2023 334 2029 -
379 1998 713 2054 despumav.
750 2001 847 2043 193.

187 2057 249 2101 ad
280 2058 375 2101 196.
410 2070 476 2102 ac
509 2059 698 2103 liabis
732 2072 846 2104 corr.

99 2129 155 2160 ex
202 2117 298 2160 197.
337 2130 421 2172 pro
466 2118 756 2174 agitabis,
801 2123 849 2163 et

97 2175 148 2218 fr
161 2176 240 2232 igi
253 2176 283 2219 d
296 2190 325 2219 u
337 2190 379 2219 m
407 2175 695 2233 frigidarium
718 2178 848 2222 volui

97 2248 182 2290 pro
209 2234 501 2291 frigIdam
519 2250 701 2293 aquam,
722 2238 848 2294 quod

97 2307 265 2338 nomen
297 2295 470 2339 adiecit
497 2296 711 2341 librarius
743 2297 846 2342 cod.

97 2366 193 2408 par.
230 2379 281 2383 —
327 2355 600 2410 agitabis
640 2357 847 2412 coagita-

96 2412 169 2456 bis
200 2413 297 2456 iure
329 2412 448 2457 infra
480 2415 671 2471 scripto,
704 2441 762 2447 —
793 2416 847 2459 in

96 2471 362 2515 boletam
405 2486 457 2516 v.
495 2487 553 2518 o.
602 2488 651 2519 c.
686 2475 846 2519 colas

95 2531 164 2573 in.
201 2531 334 2574 codd.

183 2590 763 2635 ad197.*vitellinam
792 2594 848 2631 θκ

96 2652 143 2692 et
175 2651 208 2688 θ
238 2649 337 2693 201.
383 2650 503 2694 unde
546 2655 680 2705 patet
721 2663 749 2693 a
781 2651 847 2694 vi-

97 2708 222 2752 tellis
256 2722 447 2752 ovorum
465 2723 556 2753 non
576 2709 747 2754 habere
765 2724 845 2754 no-

95 2780 213 2818 men,
247 2767 330 2811 sed
363 2780 391 2811 a
422 2767 615 2813 Vitellio
649 2769 845 2824 impera7

95 2830 211 2877 tore,
243 2831 295 2870 ut
321 2828 553 2882 porcellus
570 2829 670 2872 377.
704 2829 845 2873 aliae-

96 2898 185 2940 que
223 2886 410 2941 patinae
454 2887 512 2931 ab
556 2888 844 2943 imperatori-

94 2943 181 2990 bus
228 2944 365 3003 gulae
418 2947 652 3006 magistris
699 2948 842 2992 nomi-

940 1822 1090 1866 lianus
1123 1826 1170 1866 et
1201 1821 1451 1873 vitellinus,
1493 1826 1547 1866 ut
1578 1822 1695 1868 Dru-

940 1895 1018 1926 sus
1052 1882 1262 1926 drusinus
1280 1887 1329 1926 et
1358 1882 1600 1927 drusianus
1619 1894 1691 1938 ap.

941 1941 1088 1985 Tacit
1147 1954 1252 1984 ann.
1314 1943 1356 1994 2,
1404 1942 1445 1986 8
1501 1941 1693 1987 Sueton.

942 2000 1103 2045 Claud
1139 2003 1176 2043 1.
1221 2000 1458 2045 bactrinus
1498 2005 1546 2046 et
1584 2001 1694 2046 bac·

941 2060 1118 2104 trianus
1150 2073 1225 2116 ap.
1259 2060 1402 2116 Apul.
1426 2065 1534 2106 met.
1561 2061 1601 2112 7,
1622 2061 1691 2105 14.

939 2119 1006 2164 sic
1036 2120 1213 2164 Fronto
1238 2118 1351 2164 facit
1371 2120 1693 2166 frontonianus

938 2180 1039 2223 380.
1062 2179 1271 2224 Celsinus
1296 2179 1573 2224 celsinianus
1589 2181 1690 2224 382.

939 2238 1211 2294 Tamphilus
1249 2239 1577 2295 tamphilianus
1617 2252 1691 2295 ap.

938 2298 1105 2353 Nepot.
1149 2297 1255 2342 Att.
1302 2300 1372 2350 13,
1406 2300 1446 2342 2.
1491 2298 1692 2344 Scaurus

939 2360 1222 2409 scaurianus,
1271 2358 1462 2413 Tacitus
1509 2359 1693 2403 tacitia-

938 2430 1037 2467 nus,
1070 2417 1250 2461 Krause
1270 2418 1342 2462 De
1364 2417 1552 2462 Sueton.
1573 2417 1691 2464 font.

937 2489 979 2531 p.
1015 2477 1042 2519 3
1075 2489 1203 2531 seqq.
1241 2502 1294 2508 ——
1329 2489 1475 2533 quae
1507 2491 1595 2522 om.
1620 2482 1688 2532 βγ.

938 2559 986 2564 -
1027 2535 1413 2580 condimenta
1445 2536 1517 2580 ed.
1546 2550 1611 2592 pr.
1633 2537 1690 2589 H,

938 2594 1387 2638 condimentum
1445 2595 1598 2651 quod
1658 2596 1688 2644 ζ.

939 2665 1056 2708 quae
1105 2654 1331 2698 correctio
1390 2654 1566 2699 librarii
1618 2659 1691 2700 est

937 2712 1185 2757 nescientis
1227 2713 1273 2756 in
1313 2725 1371 2757 ea
1401 2727 1518 2758 voce
1550 2727 1690 2770 gene-

937 2771 1084 2814 tivum
1116 2771 1262 2816 latere
1297 2772 1375 2828 qui
1407 2777 1479 2817 est
1505 2774 1606 2817 398.
1641 2778 1690 2818 et

935 2830 980 2872 in
1026 2830 1301 2883 „dactilum“
1343 2832 1445 2876 230.
1491 2832 1689 2877 cribrum

934 2889 1050 2933 Plin.
1087 2889 1156 2940 16,
1189 2890 1258 2934 54.
1293 2890 1352 2933 al.
1387 2889 1444 2935 cf.
1476 2891 1685 2936 Hildebr.

933 2948 995 2992 ad
1026 2947 1168 3008 Apul.
1205 2951 1243 2993 1.
1271 2963 1314 3010 p.
1339 2950 1441 2995 996.
1475 2950 1607 2995 Kritz
1624 2951 1686 3002 ad
