<?xml version="1.0" encoding="UTF-8"?>
<!DOCTYPE html PUBLIC "-//W3C//DTD XHTML 1.0 Transitional//EN"
    "http://www.w3.org/TR/xhtml1/DTD/xhtml1-transitional.dtd">
<html xmlns="http://www.w3.org/1999/xhtml" xml:lang="en" lang="en">
 <head>
  <title>
</title>
<meta http-equiv="Content-Type" content="text/html;charset=utf-8" />
  <meta name='ocr-system' content='tesseract 3.04.00' />
  <meta name='ocr-capabilities' content='ocr_page ocr_carea ocr_par ocr_line ocrx_word'/>
</head>
<body>
  <div class='ocr_page' id='page_1' title='image "apicicaelidereco00apicrich_0088.png"; bbox 0 0 2098 3470; ppageno 0'>
   <div class='ocr_carea' id='block_1_1' title="bbox 408 323 1448 376">
    <p class='ocr_par' dir='ltr' id='par_1_1' title="bbox 408 323 1448 376">
     <span class='ocr_line' id='line_1_1' title="bbox 408 323 1448 376; baseline 0.005 -12"><span class='ocrx_word' id='word_1_1' title='bbox 408 325 477 376; x_wconf 79' lang='lat'>82</span> <span class='ocrx_word' id='word_1_2' title='bbox 922 323 1022 368; x_wconf 86' lang='lat' dir='ltr'><strong>Lib.</strong></span> <span class='ocrx_word' id='word_1_3' title='bbox 1046 323 1123 367; x_wconf 89' lang='lat' dir='ltr'>IV.</span> <span class='ocrx_word' id='word_1_4' title='bbox 1177 323 1448 369; x_wconf 77' lang='lat' dir='ltr'>PandecteS.</span> 
     </span>
    </p>
   </div>
   <div class='ocr_carea' id='block_1_2' title="bbox 407 455 2000 1486">
    <p class='ocr_par' dir='ltr' id='par_1_2' title="bbox 407 455 1999 1100">
     <span class='ocr_line' id='line_1_2' title="bbox 524 455 1992 526; baseline 0.002 -19"><span class='ocrx_word' id='word_1_5' title='bbox 524 455 1042 510; x_wconf 78' lang='lat' dir='ltr'>145.Pate11am</span> <span class='ocrx_word' id='word_1_6' title='bbox 1093 458 1586 510; x_wconf 87' lang='lat' dir='ltr'>lucretianam:</span> <span class='ocrx_word' id='word_1_7' title='bbox 1661 475 1823 526; x_wconf 88' lang='lat' dir='ltr'>cepas</span> <span class='ocrx_word' id='word_1_8' title='bbox 1880 459 1992 525; x_wconf 90' lang='lat' dir='ltr'>pal-</span> 
     </span>
     <span class='ocr_line' id='line_1_3' title="bbox 407 529 1995 598; baseline -0.001 -15"><span class='ocrx_word' id='word_1_9' title='bbox 407 529 662 583; x_wconf 88' lang='lat' dir='ltr'>lachanas</span> <span class='ocrx_word' id='word_1_10' title='bbox 712 545 914 597; x_wconf 83' lang='lat' dir='ltr'>purgas</span> <span class='ocrx_word' id='word_1_11' title='bbox 970 562 1035 567; x_wconf 86' lang='lat'>-—</span> <span class='ocrx_word' id='word_1_12' title='bbox 1091 530 1280 582; x_wconf 87' lang='lat' dir='ltr'>viridia</span> <span class='ocrx_word' id='word_1_13' title='bbox 1333 548 1513 583; x_wconf 86' lang='lat' dir='ltr'>earum</span> <span class='ocrx_word' id='word_1_14' title='bbox 1562 531 1788 598; x_wconf 80' lang='lat' dir='ltr'>proicies</span> <span class='ocrx_word' id='word_1_15' title='bbox 1831 563 1902 570; x_wconf 91' lang='lat'>—-</span> <span class='ocrx_word' id='word_1_16' title='bbox 1941 532 1995 583; x_wconf 91' lang='lat' dir='ltr'>in</span> 
     </span>
     <span class='ocr_line' id='line_1_4' title="bbox 407 602 1996 672; baseline 0 -16"><span class='ocrx_word' id='word_1_17' title='bbox 407 602 644 672; x_wconf 87' lang='lat' dir='ltr'>patinam</span> <span class='ocrx_word' id='word_1_18' title='bbox 696 603 965 670; x_wconf 83' lang='lat' dir='ltr'>concides,</span> <span class='ocrx_word' id='word_1_19' title='bbox 1024 603 1324 669; x_wconf 80' lang='lat' dir='ltr'>liquaminis</span> <span class='ocrx_word' id='word_1_20' title='bbox 1375 621 1475 657; x_wconf 90' lang='lat' dir='ltr'>mo</span> <span class='ocrx_word' id='word_1_21' title='bbox 1468 604 1658 670; x_wconf 79' lang='lat' dir='ltr'>licum,</span> <span class='ocrx_word' id='word_1_22' title='bbox 1720 606 1892 657; x_wconf 91' lang='lat' dir='ltr'>oleum</span> <span class='ocrx_word' id='word_1_23' title='bbox 1944 610 1996 658; x_wconf 91' lang='lat' dir='ltr'>et</span> 
     </span>
     <span class='ocr_line' id='line_1_5' title="bbox 409 676 1994 745; baseline -0.001 -15"><span class='ocrx_word' id='word_1_24' title='bbox 409 693 618 744; x_wconf 90' lang='lat' dir='ltr'>aquam.</span> <span class='ocrx_word' id='word_1_25' title='bbox 662 676 786 729; x_wconf 93' lang='lat' dir='ltr'>dum</span> <span class='ocrx_word' id='word_1_26' title='bbox 827 678 1082 745; x_wconf 76' lang='lat' dir='ltr'>coquitur,</span> <span class='ocrx_word' id='word_1_27' title='bbox 1125 678 1322 730; x_wconf 90' lang='lat' dir='ltr'>salsum</span> <span class='ocrx_word' id='word_1_28' title='bbox 1364 678 1618 730; x_wconf 88' lang='lat' dir='ltr'>crudum</span> <span class='ocrx_word' id='word_1_29' title='bbox 1604 696 1659 730; x_wconf 89' lang='lat' dir='ltr'>m</span> <span class='ocrx_word' id='word_1_30' title='bbox 1699 678 1874 731; x_wconf 83' lang='lat' dir='ltr'>medio</span> <span class='ocrx_word' id='word_1_31' title='bbox 1903 695 1994 745; x_wconf 89' lang='lat' dir='ltr'>po-</span> 
     </span>
     <span class='ocr_line' id='line_1_6' title="bbox 407 750 1996 819; baseline 0.001 -16"><span class='ocrx_word' id='word_1_32' title='bbox 407 751 504 804; x_wconf 89' lang='lat' dir='ltr'>nis.</span> <span class='ocrx_word' id='word_1_33' title='bbox 556 754 613 803; x_wconf 91' lang='lat' dir='ltr'>at</span> <span class='ocrx_word' id='word_1_34' title='bbox 662 750 752 804; x_wconf 90' lang='lat' dir='ltr'>ubi</span> <span class='ocrx_word' id='word_1_35' title='bbox 805 767 923 803; x_wconf 92' lang='lat' dir='ltr'>cum</span> <span class='ocrx_word' id='word_1_36' title='bbox 972 751 1114 803; x_wconf 86' lang='lat' dir='ltr'>salso</span> <span class='ocrx_word' id='word_1_37' title='bbox 1165 767 1335 819; x_wconf 83' lang='lat' dir='ltr'>prope</span> <span class='ocrx_word' id='word_1_38' title='bbox 1389 756 1542 804; x_wconf 89' lang='lat' dir='ltr'>cocta</span> <span class='ocrx_word' id='word_1_39' title='bbox 1579 751 1751 818; x_wconf 87' lang='lat' dir='ltr'>fuerit,</span> <span class='ocrx_word' id='word_1_40' title='bbox 1805 752 1996 805; x_wconf 91' lang='lat' dir='ltr'>mellae</span> 
     </span>
     <span class='ocr_line' id='line_1_7' title="bbox 411 824 1995 893; baseline -0.001 -15"><span class='ocrx_word' id='word_1_41' title='bbox 411 825 654 878; x_wconf 89' lang='lat' dir='ltr'>cocleare</span> <span class='ocrx_word' id='word_1_42' title='bbox 708 840 984 892; x_wconf 78' lang='lat' dir='ltr'>aspargeS,</span> <span class='ocrx_word' id='word_1_43' title='bbox 1040 825 1178 877; x_wconf 90' lang='lat' dir='ltr'>aceti</span> <span class='ocrx_word' id='word_1_44' title='bbox 1231 830 1282 877; x_wconf 94' lang='lat' dir='ltr'>et</span> <span class='ocrx_word' id='word_1_45' title='bbox 1335 824 1539 878; x_wconf 85' lang='lat' dir='ltr'>defricti</span> <span class='ocrx_word' id='word_1_46' title='bbox 1595 825 1842 893; x_wconf 88' lang='lat' dir='ltr'>pusillum</span> <span class='ocrx_word' id='word_1_47' title='bbox 1902 842 1995 892; x_wconf 81' lang='lat' dir='ltr'>gu-</span> 
     </span>
     <span class='ocr_line' id='line_1_8' title="bbox 410 897 1995 966; baseline 0 -15"><span class='ocrx_word' id='word_1_48' title='bbox 410 903 538 964; x_wconf 81' lang='lat' dir='ltr'>staS‚</span> <span class='ocrx_word' id='word_1_49' title='bbox 579 897 624 950; x_wconf 89' lang='lat' dir='ltr'>si</span> <span class='ocrx_word' id='word_1_50' title='bbox 660 897 862 950; x_wconf 87' lang='lat' dir='ltr'>fatuum</span> <span class='ocrx_word' id='word_1_51' title='bbox 900 898 1102 964; x_wconf 81' lang='lat' dir='ltr'>exierit,</span> <span class='ocrx_word' id='word_1_52' title='bbox 1144 899 1408 965; x_wconf 80' lang='lat' dir='ltr'>liquamen</span> <span class='ocrx_word' id='word_1_53' title='bbox 1451 899 1668 965; x_wconf 78' lang='lat' dir='ltr'>adicies,</span> <span class='ocrx_word' id='word_1_54' title='bbox 1710 899 1753 951; x_wconf 91' lang='lat' dir='ltr'>si</span> <span class='ocrx_word' id='word_1_55' title='bbox 1781 900 1995 966; x_wconf 78' lang='lat' dir='ltr'>salsum,</span> 
     </span>
     <span class='ocr_line' id='line_1_9' title="bbox 410 971 1999 1041; baseline 0.001 -16"><span class='ocrx_word' id='word_1_56' title='bbox 410 972 580 1026; x_wconf 91' lang='lat' dir='ltr'>mellis</span> <span class='ocrx_word' id='word_1_57' title='bbox 628 971 910 1024; x_wconf 90' lang='lat' dir='ltr'>modicum.</span> <span class='ocrx_word' id='word_1_58' title='bbox 967 977 1019 1025; x_wconf 92' lang='lat' dir='ltr'>et</span> <span class='ocrx_word' id='word_1_59' title='bbox 1068 989 1317 1025; x_wconf 90' lang='lat' dir='ltr'>coronam</span> <span class='ocrx_word' id='word_1_60' title='bbox 1370 974 1620 1026; x_wconf 90' lang='lat' dir='ltr'>bubulam</span> <span class='ocrx_word' id='word_1_61' title='bbox 1659 975 1905 1041; x_wconf 80' lang='lat' dir='ltr'>aspargis</span> <span class='ocrx_word' id='word_1_62' title='bbox 1947 978 1999 1026; x_wconf 88' lang='lat' dir='ltr'>et</span> 
     </span>
     <span class='ocr_line' id='line_1_10' title="bbox 410 1046 611 1100; baseline -0.015 0"><span class='ocrx_word' id='word_1_63' title='bbox 410 1046 611 1100; x_wconf 90' lang='lat' dir='ltr'>bulliat.</span> 
     </span>
    </p>

    <p class='ocr_par' dir='ltr' id='par_1_3' title="bbox 409 1118 2000 1486">
     <span class='ocr_line' id='line_1_11' title="bbox 527 1118 1998 1187; baseline 0.001 -15"><span class='ocrx_word' id='word_1_64' title='bbox 527 1120 648 1173; x_wconf 85' lang='lat'>146.</span> <span class='ocrx_word' id='word_1_65' title='bbox 687 1118 1005 1171; x_wconf 88' lang='lat' dir='ltr'>Patinam</span> <span class='ocrx_word' id='word_1_66' title='bbox 1046 1118 1126 1172; x_wconf 92' lang='lat' dir='ltr'>de</span> <span class='ocrx_word' id='word_1_67' title='bbox 1166 1119 1446 1186; x_wconf 83' lang='lat' dir='ltr'>lagitis:</span> <span class='ocrx_word' id='word_1_68' title='bbox 1486 1119 1681 1186; x_wconf 83' lang='lat' dir='ltr'>lagitas</span> <span class='ocrx_word' id='word_1_69' title='bbox 1707 1120 1883 1187; x_wconf 81' lang='lat' dir='ltr'>rades,</span> <span class='ocrx_word' id='word_1_70' title='bbox 1924 1121 1998 1174; x_wconf 90' lang='lat' dir='ltr'>la-</span> 
     </span>
     <span class='ocr_line' id='line_1_12' title="bbox 411 1192 1998 1261; baseline 0 -14"><span class='ocrx_word' id='word_1_71' title='bbox 411 1210 522 1247; x_wconf 81' lang='lat' dir='ltr'>vas,</span> <span class='ocrx_word' id='word_1_72' title='bbox 575 1209 676 1246; x_wconf 91' lang='lat' dir='ltr'>ova</span> <span class='ocrx_word' id='word_1_73' title='bbox 731 1192 1034 1260; x_wconf 82' lang='lat' dir='ltr'>confringes</span> <span class='ocrx_word' id='word_1_74' title='bbox 1076 1198 1127 1246; x_wconf 91' lang='lat' dir='ltr'>et</span> <span class='ocrx_word' id='word_1_75' title='bbox 1167 1210 1285 1246; x_wconf 87' lang='lat' dir='ltr'>cum</span> <span class='ocrx_word' id='word_1_76' title='bbox 1323 1193 1500 1260; x_wconf 83' lang='lat' dir='ltr'>lag-itis</span> <span class='ocrx_word' id='word_1_77' title='bbox 1542 1194 1852 1261; x_wconf 79' lang='lat' dir='ltr'>conmisceS‚</span> <span class='ocrx_word' id='word_1_78' title='bbox 1906 1194 1998 1248; x_wconf 90' lang='lat' dir='ltr'>ad-</span> 
     </span>
     <span class='ocr_line' id='line_1_13' title="bbox 409 1267 2000 1334; baseline 0 -13"><span class='ocrx_word' id='word_1_79' title='bbox 409 1283 540 1322; x_wconf 81' lang='lat' dir='ltr'>lcies</span> <span class='ocrx_word' id='word_1_80' title='bbox 562 1267 848 1334; x_wconf 81' lang='lat' dir='ltr'>liquamen,</span> <span class='ocrx_word' id='word_1_81' title='bbox 890 1267 1084 1334; x_wconf 86' lang='lat' dir='ltr'>vinum,</span> <span class='ocrx_word' id='word_1_82' title='bbox 1121 1268 1294 1320; x_wconf 91' lang='lat' dir='ltr'>oleum</span> <span class='ocrx_word' id='word_1_83' title='bbox 1345 1267 1513 1320; x_wconf 86' lang='lat' dir='ltr'>facies</span> <span class='ocrx_word' id='word_1_84' title='bbox 1540 1272 1596 1319; x_wconf 87' lang='lat' dir='ltr'>ut</span> <span class='ocrx_word' id='word_1_85' title='bbox 1621 1267 1844 1322; x_wconf 82' lang='lat' dir='ltr'>ferveat.</span> <span class='ocrx_word' id='word_1_86' title='bbox 1883 1285 2000 1323; x_wconf 93' lang='lat' dir='ltr'>cum</span> 
     </span>
     <span class='ocr_line' id='line_1_14' title="bbox 411 1341 1997 1437; baseline 0.001 -42"><span class='ocrx_word' id='word_1_87' title='bbox 411 1342 680 1408; x_wconf 86' lang='lat' dir='ltr'>fervuerit,</span> <span class='ocrx_word' id='word_1_88' title='bbox 733 1356 1059 1408; x_wconf 83' lang='lat' dir='ltr'>oenogarum</span> <span class='ocrx_word' id='word_1_89' title='bbox 1108 1341 1334 1410; x_wconf 85' lang='lat' dir='ltr'>simplex</span> <span class='ocrx_word' id='word_1_90' title='bbox 1374 1341 1682 1410; x_wconf 88' lang='lat' dir='ltr'>perfundes.</span> <span class='ocrx_word' id='word_1_91' title='bbox 1725 1343 1878 1413; x_wconf 85' lang='lat' dir='ltr'>piper</span> <span class='ocrx_word' id='word_1_92' title='bbox 1916 1359 1997 1437; x_wconf 81' lang='lat' dir='ltr'>as-</span> 
     </span>
     <span class='ocr_line' id='line_1_15' title="bbox 413 1414 938 1486; baseline -0.002 -17"><span class='ocrx_word' id='word_1_93' title='bbox 413 1416 596 1486; x_wconf 85' lang='lat' dir='ltr'>pargis</span> <span class='ocrx_word' id='word_1_94' title='bbox 637 1419 690 1469; x_wconf 92' lang='lat' dir='ltr'>et</span> <span class='ocrx_word' id='word_1_95' title='bbox 725 1414 938 1469; x_wconf 73' lang='lat' dir='ltr'>inferes</span> 
     </span>
    </p>
   </div>
   <div class='ocr_carea' id='block_1_3' title="bbox 1249 1589 2000 1705">
    <p class='ocr_par' dir='ltr' id='par_1_4' title="bbox 1249 1589 1998 1705">
     <span class='ocr_line' id='line_1_16' title="bbox 1251 1589 1998 1647; baseline 0.003 -14"><span class='ocrx_word' id='word_1_96' title='bbox 1251 1589 1412 1635; x_wconf 88' lang='lat' dir='ltr'>fronde</span> <span class='ocrx_word' id='word_1_97' title='bbox 1444 1591 1720 1647; x_wconf 78' lang='lat' dir='ltr'>saepiusque</span> <span class='ocrx_word' id='word_1_98' title='bbox 1763 1596 1998 1635; x_wconf 86' lang='lat' dir='ltr'>resecatur</span> 
     </span>
     <span class='ocr_line' id='line_1_17' title="bbox 1249 1651 2000 1705; baseline 0.003 -13"><span class='ocrx_word' id='word_1_99' title='bbox 1249 1654 1300 1693; x_wconf 86' lang='lat' dir='ltr'>ut</span> <span class='ocrx_word' id='word_1_100' title='bbox 1316 1663 1516 1705; x_wconf 89' lang='lat' dir='ltr'>porrum,</span> <span class='ocrx_word' id='word_1_101' title='bbox 1549 1651 1664 1694; x_wconf 91' lang='lat' dir='ltr'>Plin.</span> <span class='ocrx_word' id='word_1_102' title='bbox 1685 1652 1754 1701; x_wconf 95' lang='lat'>19,</span> <span class='ocrx_word' id='word_1_103' title='bbox 1778 1651 1875 1694; x_wconf 89' lang='lat'>105.</span> <span class='ocrx_word' id='word_1_104' title='bbox 1897 1651 2000 1696; x_wconf 85' lang='lat'>107.</span> 
     </span>
    </p>
   </div>
   <div class='ocr_carea' id='block_1_4' title="bbox 414 1590 1158 1706">
    <p class='ocr_par' dir='ltr' id='par_1_5' title="bbox 414 1590 1158 1706">
     <span class='ocr_line' id='line_1_18' title="bbox 414 1590 1158 1649; baseline 0.005 -18"><span class='ocrx_word' id='word_1_105' title='bbox 414 1597 462 1639; x_wconf 78' lang='lat' dir='ltr'>et</span> <span class='ocrx_word' id='word_1_106' title='bbox 491 1595 790 1649; x_wconf 77' lang='grc' dir='ltr'><em>τραγορίγανος</em></span> <span class='ocrx_word' id='word_1_107' title='bbox 831 1604 903 1647; x_wconf 84' lang='lat' dir='ltr'>ap.</span> <span class='ocrx_word' id='word_1_108' title='bbox 938 1590 1051 1635; x_wconf 79' lang='lat' dir='ltr'>Plin.</span> <span class='ocrx_word' id='word_1_109' title='bbox 1087 1591 1158 1642; x_wconf 77' lang='lat'>20,</span> 
     </span>
     <span class='ocr_line' id='line_1_19' title="bbox 416 1651 1158 1706; baseline -0.005 -9"><span class='ocrx_word' id='word_1_110' title='bbox 416 1653 515 1697; x_wconf 85' lang='lat'>170.</span> <span class='ocrx_word' id='word_1_111' title='bbox 564 1652 718 1695; x_wconf 88' lang='lat' dir='ltr'>Diosc.</span> <span class='ocrx_word' id='word_1_112' title='bbox 767 1653 809 1702; x_wconf 87' lang='lat'>3,</span> <span class='ocrx_word' id='word_1_113' title='bbox 841 1652 910 1694; x_wconf 80' lang='lat'>32.</span> <span class='ocrx_word' id='word_1_114' title='bbox 962 1663 1079 1706; x_wconf 84' lang='lat' dir='ltr'>quae</span> <span class='ocrx_word' id='word_1_115' title='bbox 1120 1651 1158 1694; x_wconf 91' lang='lat' dir='ltr'>si</span> 
     </span>
    </p>
   </div>
   <div class='ocr_carea' id='block_1_5' title="bbox 409 1708 1161 2121">
    <p class='ocr_par' dir='ltr' id='par_1_6' title="bbox 409 1708 1161 2121">
     <span class='ocr_line' id='line_1_20' title="bbox 413 1708 1158 1765; baseline -0.005 -9"><span class='ocrx_word' id='word_1_116' title='bbox 413 1724 524 1756; x_wconf 88' lang='lat' dir='ltr'>vera</span> <span class='ocrx_word' id='word_1_117' title='bbox 554 1716 674 1762; x_wconf 89' lang='lat' dir='ltr'>sunt,</span> <span class='ocrx_word' id='word_1_118' title='bbox 709 1710 868 1754; x_wconf 80' lang='lat' dir='ltr'>Nostri</span> <span class='ocrx_word' id='word_1_119' title='bbox 899 1709 1060 1765; x_wconf 87' lang='lat' dir='ltr'>planta</span> <span class='ocrx_word' id='word_1_120' title='bbox 1081 1708 1158 1752; x_wconf 89' lang='lat' dir='ltr'>ha-</span> 
     </span>
     <span class='ocr_line' id='line_1_21' title="bbox 411 1769 1158 1825; baseline -0.015 -9"><span class='ocrx_word' id='word_1_121' title='bbox 411 1771 563 1817; x_wconf 78' lang='lat' dir='ltr'>benda</span> <span class='ocrx_word' id='word_1_122' title='bbox 596 1775 669 1814; x_wconf 76' lang='lat' dir='ltr'>est</span> <span class='ocrx_word' id='word_1_123' title='bbox 702 1769 895 1825; x_wconf 73' lang='grc' dir='ltr'><em>ὀρίγανος</em></span> <span class='ocrx_word' id='word_1_124' title='bbox 917 1769 1038 1824; x_wconf 75' lang='grc' dir='ltr'><em>ἅγρίσ</em></span> <span class='ocrx_word' id='word_1_125' title='bbox 1070 1769 1158 1812; x_wconf 86' lang='lat' dir='ltr'>Eu-</span> 
     </span>
     <span class='ocr_line' id='line_1_22' title="bbox 410 1829 1160 1884; baseline -0.005 -9"><span class='ocrx_word' id='word_1_126' title='bbox 410 1830 518 1875; x_wconf 89' lang='lat' dir='ltr'>meli</span> <span class='ocrx_word' id='word_1_127' title='bbox 548 1830 596 1873; x_wconf 89' lang='lat' dir='ltr'>in</span> <span class='ocrx_word' id='word_1_128' title='bbox 616 1829 843 1884; x_wconf 86' lang='lat' dir='ltr'>Hippiatr.</span> <span class='ocrx_word' id='word_1_129' title='bbox 879 1842 923 1884; x_wconf 88' lang='lat' dir='ltr'>p.</span> <span class='ocrx_word' id='word_1_130' title='bbox 943 1829 1042 1871; x_wconf 68' lang='lat'>202.</span> <span class='ocrx_word' id='word_1_131' title='bbox 1078 1840 1160 1872; x_wconf 88' lang='lat' dir='ltr'>seu</span> 
     </span>
     <span class='ocr_line' id='line_1_23' title="bbox 410 1887 1160 1947; baseline -0.005 -13"><span class='ocrx_word' id='word_1_132' title='bbox 410 1889 628 1947; x_wconf 83' lang='lat' dir='ltr'>thymbra</span> <span class='ocrx_word' id='word_1_133' title='bbox 661 1887 849 1943; x_wconf 70' lang='grc' dir='ltr'><strong>θύμβρα,</strong></span> <span class='ocrx_word' id='word_1_134' title='bbox 883 1899 1019 1943; x_wconf 91' lang='lat' dir='ltr'>quam</span> <span class='ocrx_word' id='word_1_135' title='bbox 1053 1887 1160 1943; x_wconf 86' lang='lat' dir='ltr'>quia</span> 
     </span>
     <span class='ocr_line' id='line_1_24' title="bbox 412 1947 1159 2003; baseline -0.012 -10"><span class='ocrx_word' id='word_1_136' title='bbox 412 1949 525 1993; x_wconf 81' lang='lat' dir='ltr'>cibis</span> <span class='ocrx_word' id='word_1_137' title='bbox 557 1947 928 2003; x_wconf 86' lang='lat' dir='ltr'>adspergebatur</span> <span class='ocrx_word' id='word_1_138' title='bbox 969 1949 1159 2002; x_wconf 74' lang='grc' dir='ltr'><em>θυμβρε-</em></span> 
     </span>
     <span class='ocr_line' id='line_1_25' title="bbox 410 2005 1158 2060; baseline -0.001 -11"><span class='ocrx_word' id='word_1_139' title='bbox 410 2006 634 2049; x_wconf 76' lang='grc' dir='ltr'><em>πίδειπνον</em></span> <span class='ocrx_word' id='word_1_140' title='bbox 673 2006 786 2050; x_wconf 89' lang='lat' dir='ltr'>dicit</span> <span class='ocrx_word' id='word_1_141' title='bbox 818 2005 1158 2060; x_wconf 87' lang='lat' dir='ltr'>Aristophanes</span> 
     </span>
     <span class='ocr_line' id='line_1_26' title="bbox 409 2064 1161 2121; baseline -0.007 -9"><span class='ocrx_word' id='word_1_142' title='bbox 409 2067 527 2112; x_wconf 90' lang='lat' dir='ltr'>Nub.</span> <span class='ocrx_word' id='word_1_143' title='bbox 559 2066 661 2110; x_wconf 75' lang='lat'>420.</span> <span class='ocrx_word' id='word_1_144' title='bbox 709 2065 912 2109; x_wconf 85' lang='lat' dir='ltr'>satureia</span> <span class='ocrx_word' id='word_1_145' title='bbox 943 2064 1161 2121; x_wconf 87' lang='lat' dir='ltr'>thymbra</span> 
     </span>
    </p>
   </div>
   <div class='ocr_carea' id='block_1_6' title="bbox 335 2123 1159 2182">
    <p class='ocr_par' dir='ltr' id='par_1_7' title="bbox 335 2123 1159 2182">
     <span class='ocr_line' id='line_1_27' title="bbox 335 2123 1159 2182; baseline -0.004 -12"><span class='ocrx_word' id='word_1_146' title='bbox 335 2177 337 2179; x_wconf 46' lang='grc'><strong>,</strong></span> <span class='ocrx_word' id='word_1_147' title='bbox 409 2128 460 2172; x_wconf 87' lang='lat' dir='ltr'>L.</span> <span class='ocrx_word' id='word_1_148' title='bbox 505 2138 692 2182; x_wconf 83' lang='lat' dir='ltr'>grosser</span> <span class='ocrx_word' id='word_1_149' title='bbox 748 2130 951 2181; x_wconf 83' lang='lat' dir='ltr'>saturey,</span> <span class='ocrx_word' id='word_1_150' title='bbox 995 2123 1159 2168; x_wconf 85' lang='lat' dir='ltr'>aechte</span> 
     </span>
    </p>
   </div>
   <div class='ocr_carea' id='block_1_7' title="bbox 408 2185 1159 2288">
    <p class='ocr_par' dir='ltr' id='par_1_8' title="bbox 408 2185 1159 2288">
     <span class='ocr_line' id='line_1_28' title="bbox 408 2185 637 2244; baseline -0.005 -15"><span class='ocrx_word' id='word_1_151' title='bbox 408 2185 637 2244; x_wconf 80' lang='lat' dir='ltr'>thymbra.</span> 
     </span>
     <span class='ocr_line' id='line_1_29' title="bbox 499 2241 1159 2288; baseline -0.006 0"><span class='ocrx_word' id='word_1_152' title='bbox 499 2244 559 2288; x_wconf 90' lang='lat' dir='ltr'>ad</span> <span class='ocrx_word' id='word_1_153' title='bbox 595 2243 692 2287; x_wconf 78' lang='lat'>145.</span> <span class='ocrx_word' id='word_1_154' title='bbox 728 2241 968 2286; x_wconf 87' lang='lat' dir='ltr'>Lucretius</span> <span class='ocrx_word' id='word_1_155' title='bbox 1002 2241 1075 2285; x_wconf 88' lang='lat' dir='ltr'>cui</span> <span class='ocrx_word' id='word_1_156' title='bbox 1103 2254 1159 2285; x_wconf 90' lang='lat' dir='ltr'>ea</span> 
     </span>
    </p>
   </div>
   <div class='ocr_carea' id='block_1_8' title="bbox 404 2300 1160 3012">
    <p class='ocr_par' dir='ltr' id='par_1_9' title="bbox 407 2300 1157 2596">
     <span class='ocr_line' id='line_1_30' title="bbox 408 2300 1157 2360; baseline -0.005 -12"><span class='ocrx_word' id='word_1_157' title='bbox 408 2305 569 2360; x_wconf 88' lang='lat' dir='ltr'>patina</span> <span class='ocrx_word' id='word_1_158' title='bbox 611 2303 656 2347; x_wconf 93' lang='lat' dir='ltr'>in</span> <span class='ocrx_word' id='word_1_159' title='bbox 698 2315 783 2346; x_wconf 86' lang='lat' dir='ltr'>usu</span> <span class='ocrx_word' id='word_1_160' title='bbox 815 2305 915 2345; x_wconf 87' lang='lat' dir='ltr'>erat</span> <span class='ocrx_word' id='word_1_161' title='bbox 948 2300 1157 2345; x_wconf 86' lang='lat' dir='ltr'>Ciceroni</span> 
     </span>
     <span class='ocr_line' id='line_1_31' title="bbox 409 2360 1155 2418; baseline -0.007 -10"><span class='ocrx_word' id='word_1_162' title='bbox 409 2368 481 2408; x_wconf 88' lang='lat' dir='ltr'>est</span> <span class='ocrx_word' id='word_1_163' title='bbox 530 2362 752 2418; x_wconf 80' lang='lat' dir='ltr'>aequalis.</span> <span class='ocrx_word' id='word_1_164' title='bbox 806 2360 1155 2416; x_wconf 86' lang='lat' dir='ltr'>pallacanas</span> 
     </span>
     <span class='ocr_line' id='line_1_32' title="bbox 407 2419 1155 2487; baseline -0.007 -21"><span class='ocrx_word' id='word_1_165' title='bbox 407 2423 556 2466; x_wconf 89' lang='lat' dir='ltr'>minus</span> <span class='ocrx_word' id='word_1_166' title='bbox 587 2422 705 2465; x_wconf 91' lang='lat' dir='ltr'>bene</span> <span class='ocrx_word' id='word_1_167' title='bbox 736 2420 783 2463; x_wconf 93' lang='lat' dir='ltr'>in</span> <span class='ocrx_word' id='word_1_168' title='bbox 814 2419 995 2487; x_wconf 86' lang='lat' dir='ltr'>aliquot</span> <span class='ocrx_word' id='word_1_169' title='bbox 1027 2419 1155 2462; x_wconf 88' lang='lat' dir='ltr'>libris</span> 
     </span>
     <span class='ocr_line' id='line_1_33' title="bbox 408 2478 1154 2533; baseline -0.007 -8"><span class='ocrx_word' id='word_1_170' title='bbox 408 2486 456 2526; x_wconf 90' lang='lat' dir='ltr'>et</span> <span class='ocrx_word' id='word_1_171' title='bbox 497 2481 597 2524; x_wconf 88' lang='lat'>409.</span> <span class='ocrx_word' id='word_1_172' title='bbox 642 2483 749 2523; x_wconf 88' lang='lat' dir='ltr'>sunt</span> <span class='ocrx_word' id='word_1_173' title='bbox 796 2478 915 2522; x_wconf 89' lang='lat' dir='ltr'>enim</span> <span class='ocrx_word' id='word_1_174' title='bbox 963 2490 1154 2533; x_wconf 88' lang='lat' dir='ltr'>quarum</span> 
     </span>
     <span class='ocr_line' id='line_1_34' title="bbox 408 2536 1140 2596; baseline -0.011 -12"><span class='ocrx_word' id='word_1_175' title='bbox 408 2541 536 2596; x_wconf 85' lang='lat' dir='ltr'>palla</span> <span class='ocrx_word' id='word_1_176' title='bbox 567 2552 650 2584; x_wconf 85' lang='lat' dir='ltr'>seu</span> <span class='ocrx_word' id='word_1_177' title='bbox 680 2538 840 2582; x_wconf 90' lang='lat' dir='ltr'>tunica</span> <span class='ocrx_word' id='word_1_178' title='bbox 860 2536 972 2587; x_wconf 83' lang='lat' dir='ltr'>hiat,</span> <span class='ocrx_word' id='word_1_179' title='bbox 1002 2553 1078 2591; x_wconf 81' lang='grc' dir='ltr'>χαι</span> <span class='ocrx_word' id='word_1_180' title='bbox 1066 2540 1140 2576; x_wconf 59' lang='lat' dir='ltr'>[mv</span> 
     </span>
    </p>

    <p class='ocr_par' dir='ltr' id='par_1_10' title="bbox 404 2594 1160 3012">
     <span class='ocr_line' id='line_1_35' title="bbox 404 2594 1154 2654; baseline -0.012 -14"><span class='ocrx_word' id='word_1_181' title='bbox 404 2599 546 2654; x_wconf 76' lang='grc' dir='ltr'><em>χαύνη</em></span> <span class='ocrx_word' id='word_1_182' title='bbox 589 2604 676 2650; x_wconf 79' lang='lat' dir='ltr'>est,</span> <span class='ocrx_word' id='word_1_183' title='bbox 716 2611 809 2641; x_wconf 86' lang='lat' dir='ltr'>non</span> <span class='ocrx_word' id='word_1_184' title='bbox 850 2594 1020 2650; x_wconf 79' lang='grc' dir='ltr'><strong>ἇχανης.</strong></span> <span class='ocrx_word' id='word_1_185' title='bbox 1065 2596 1154 2640; x_wconf 78' lang='lat' dir='ltr'>He-</span> 
     </span>
     <span class='ocr_line' id='line_1_36' title="bbox 407 2655 1157 2716; baseline -0.006 -17"><span class='ocrx_word' id='word_1_186' title='bbox 407 2658 533 2716; x_wconf 78' lang='lat' dir='ltr'>sych.</span> <span class='ocrx_word' id='word_1_187' title='bbox 579 2655 868 2710; x_wconf 77' lang='grc' dir='ltr'><em>παλλάχανον·</em></span> <span class='ocrx_word' id='word_1_188' title='bbox 916 2655 1157 2711; x_wconf 77' lang='grc' dir='ltr'><strong>κρόμμυον.</strong></span> 
     </span>
     <span class='ocr_line' id='line_1_37' title="bbox 407 2713 1159 2790; baseline -0.014 -28"><span class='ocrx_word' id='word_1_189' title='bbox 407 2730 463 2790; x_wconf 73' lang='lat' dir='ltr'>ea</span> <span class='ocrx_word' id='word_1_190' title='bbox 495 2729 627 2772; x_wconf 84' lang='lat' dir='ltr'>cepa,</span> <span class='ocrx_word' id='word_1_191' title='bbox 659 2715 942 2760; x_wconf 81' lang='lat' dir='ltr'>Graecorum</span> <span class='ocrx_word' id='word_1_192' title='bbox 978 2713 1159 2769; x_wconf 73' lang='grc' dir='ltr'><strong>γήθυον,</strong></span> 
     </span>
     <span class='ocr_line' id='line_1_38' title="bbox 405 2773 1159 2833; baseline 0 -17"><span class='ocrx_word' id='word_1_193' title='bbox 405 2776 520 2833; x_wconf 72' lang='grc' dir='ltr'>γῆτε</span> <span class='ocrx_word' id='word_1_194' title='bbox 508 2792 586 2825; x_wconf 80' lang='grc' dir='ltr'><strong>ον,</strong></span> <span class='ocrx_word' id='word_1_195' title='bbox 618 2788 710 2819; x_wconf 87' lang='lat' dir='ltr'>non</span> <span class='ocrx_word' id='word_1_196' title='bbox 731 2778 803 2818; x_wconf 90' lang='lat' dir='ltr'>est</span> <span class='ocrx_word' id='word_1_197' title='bbox 830 2773 1051 2828; x_wconf 81' lang='lat' dir='ltr'>capitata,</span> <span class='ocrx_word' id='word_1_198' title='bbox 1087 2785 1159 2816; x_wconf 87' lang='lat' dir='ltr'>ca-</span> 
     </span>
     <span class='ocr_line' id='line_1_39' title="bbox 405 2833 1160 2892; baseline -0.007 -12"><span class='ocrx_word' id='word_1_199' title='bbox 405 2842 493 2892; x_wconf 89' lang='lat' dir='ltr'>put</span> <span class='ocrx_word' id='word_1_200' title='bbox 518 2849 611 2879; x_wconf 88' lang='lat' dir='ltr'>non</span> <span class='ocrx_word' id='word_1_201' title='bbox 631 2833 890 2884; x_wconf 81' lang='lat' dir='ltr'>crassescit,</span> <span class='ocrx_word' id='word_1_202' title='bbox 922 2844 1067 2887; x_wconf 84' lang='lat' dir='ltr'>paene</span> <span class='ocrx_word' id='word_1_203' title='bbox 1089 2836 1160 2875; x_wconf 90' lang='lat' dir='ltr'>est</span> 
     </span>
     <span class='ocr_line' id='line_1_40' title="bbox 406 2892 1157 2950; baseline -0.007 -11"><span class='ocrx_word' id='word_1_204' title='bbox 406 2896 504 2939; x_wconf 89' lang='lat' dir='ltr'>sine</span> <span class='ocrx_word' id='word_1_205' title='bbox 537 2893 704 2950; x_wconf 88' lang='lat' dir='ltr'>capite,</span> <span class='ocrx_word' id='word_1_206' title='bbox 749 2892 938 2936; x_wconf 87' lang='lat' dir='ltr'>cervicis</span> <span class='ocrx_word' id='word_1_207' title='bbox 979 2895 1157 2935; x_wconf 89' lang='lat' dir='ltr'>tantum</span> 
     </span>
     <span class='ocr_line' id='line_1_41' title="bbox 407 2951 1157 3012; baseline -0.007 -14"><span class='ocrx_word' id='word_1_208' title='bbox 407 2954 577 3012; x_wconf 85' lang='lat' dir='ltr'>longae</span> <span class='ocrx_word' id='word_1_209' title='bbox 636 2957 684 2998; x_wconf 90' lang='lat' dir='ltr'>et</span> <span class='ocrx_word' id='word_1_210' title='bbox 739 2951 846 2996; x_wconf 87' lang='lat' dir='ltr'>ideo</span> <span class='ocrx_word' id='word_1_211' title='bbox 908 2955 1062 2995; x_wconf 88' lang='lat' dir='ltr'>totum</span> <span class='ocrx_word' id='word_1_212' title='bbox 1113 2951 1157 2993; x_wconf 89' lang='lat' dir='ltr'>in</span> 
     </span>
    </p>
   </div>
   <div class='ocr_carea' id='block_1_9' title="bbox 1243 1709 2002 3007">
    <p class='ocr_par' dir='ltr' id='par_1_11' title="bbox 1243 1709 2002 2758">
     <span class='ocr_line' id='line_1_42' title="bbox 1249 1709 2000 1765; baseline 0.003 -13"><span class='ocrx_word' id='word_1_213' title='bbox 1249 1709 1432 1753; x_wconf 89' lang='lat' dir='ltr'>videtur</span> <span class='ocrx_word' id='word_1_214' title='bbox 1484 1715 1531 1753; x_wconf 92' lang='lat' dir='ltr'>et</span> <span class='ocrx_word' id='word_1_215' title='bbox 1572 1709 1681 1753; x_wconf 87' lang='lat' dir='ltr'>mihi</span> <span class='ocrx_word' id='word_1_216' title='bbox 1726 1709 1816 1753; x_wconf 88' lang='lat' dir='ltr'>dici</span> <span class='ocrx_word' id='word_1_217' title='bbox 1857 1723 2000 1765; x_wconf 88' lang='lat' dir='ltr'>posse</span> 
     </span>
     <span class='ocr_line' id='line_1_43' title="bbox 1249 1764 2000 1823; baseline 0.004 -13"><span class='ocrx_word' id='word_1_218' title='bbox 1249 1768 1407 1812; x_wconf 87' lang='lat' dir='ltr'>allium</span> <span class='ocrx_word' id='word_1_219' title='bbox 1449 1764 1591 1814; x_wconf 89' lang='lat' dir='ltr'>fissile</span> <span class='ocrx_word' id='word_1_220' title='bbox 1635 1781 1849 1823; x_wconf 87' lang='lat' dir='ltr'>perenne.</span> <span class='ocrx_word' id='word_1_221' title='bbox 1888 1794 1941 1798; x_wconf 90' lang='lat'>——</span> <span class='ocrx_word' id='word_1_222' title='bbox 1976 1783 2000 1813; x_wconf 94' lang='lat' dir='ltr'>e</span> 
     </span>
     <span class='ocr_line' id='line_1_44' title="bbox 1251 1827 1994 1882; baseline 0.001 -12"><span class='ocrx_word' id='word_1_223' title='bbox 1251 1827 1459 1871; x_wconf 87' lang='lat' dir='ltr'>codicum</span> <span class='ocrx_word' id='word_1_224' title='bbox 1507 1827 1695 1872; x_wconf 90' lang='lat' dir='ltr'>melle</span> <span class='ocrx_word' id='word_1_225' title='bbox 1730 1841 1814 1882; x_wconf 90' lang='lat' dir='ltr'>pro</span> <span class='ocrx_word' id='word_1_226' title='bbox 1862 1828 1994 1871; x_wconf 89' lang='lat' dir='ltr'>Hum.</span> 
     </span>
     <span class='ocr_line' id='line_1_45' title="bbox 1250 1886 1996 1930; baseline 0.001 -1"><span class='ocrx_word' id='word_1_227' title='bbox 1250 1886 1445 1930; x_wconf 90' lang='lat' dir='ltr'>mellis</span> <span class='ocrx_word' id='word_1_228' title='bbox 1477 1886 1640 1930; x_wconf 81' lang='lat' dir='ltr'>reduxi</span> <span class='ocrx_word' id='word_1_229' title='bbox 1670 1887 1818 1930; x_wconf 88' lang='lat' dir='ltr'>minus</span> <span class='ocrx_word' id='word_1_230' title='bbox 1835 1891 1996 1930; x_wconf 85' lang='lat' dir='ltr'>notam</span> 
     </span>
     <span class='ocr_line' id='line_1_46' title="bbox 1252 1945 1997 1996; baseline 0.001 -8"><span class='ocrx_word' id='word_1_231' title='bbox 1252 1959 1413 1989; x_wconf 88' lang='lat' dir='ltr'>vocem</span> <span class='ocrx_word' id='word_1_232' title='bbox 1447 1959 1502 1990; x_wconf 86' lang='lat' dir='ltr'>ex</span> <span class='ocrx_word' id='word_1_233' title='bbox 1535 1946 1709 1990; x_wconf 86' lang='lat' dir='ltr'>Colum.</span> <span class='ocrx_word' id='word_1_234' title='bbox 1748 1946 1818 1996; x_wconf 80' lang='lat'>12,</span> <span class='ocrx_word' id='word_1_235' title='bbox 1849 1945 1923 1995; x_wconf 84' lang='lat'>49,</span> <span class='ocrx_word' id='word_1_236' title='bbox 1955 1947 1997 1989; x_wconf 85' lang='lat'>3.</span> 
     </span>
     <span class='ocr_line' id='line_1_47' title="bbox 1254 2004 1999 2058; baseline 0.001 -11"><span class='ocrx_word' id='word_1_237' title='bbox 1254 2006 1322 2055; x_wconf 77' lang='lat'>12,</span> <span class='ocrx_word' id='word_1_238' title='bbox 1359 2006 1426 2056; x_wconf 91' lang='lat'>11,</span> <span class='ocrx_word' id='word_1_239' title='bbox 1460 2007 1499 2047; x_wconf 80' lang='lat'>2.</span> <span class='ocrx_word' id='word_1_240' title='bbox 1544 2004 1726 2058; x_wconf 66' lang='grc' dir='ltr'><em>ἅπὸμελι</em></span> <span class='ocrx_word' id='word_1_241' title='bbox 1768 2005 1922 2048; x_wconf 77' lang='lat' dir='ltr'>Diose.</span> <span class='ocrx_word' id='word_1_242' title='bbox 1957 2006 1999 2056; x_wconf 79' lang='lat'>5,</span> 
     </span>
     <span class='ocr_line' id='line_1_48' title="bbox 1253 2064 1999 2119; baseline 0 -13"><span class='ocrx_word' id='word_1_243' title='bbox 1253 2064 1320 2106; x_wconf 90' lang='lat'>17.</span> <span class='ocrx_word' id='word_1_244' title='bbox 1340 2064 1516 2108; x_wconf 87' lang='lat' dir='ltr'>mulsae</span> <span class='ocrx_word' id='word_1_245' title='bbox 1534 2077 1682 2119; x_wconf 85' lang='lat' dir='ltr'>aquae</span> <span class='ocrx_word' id='word_1_246' title='bbox 1700 2077 1859 2119; x_wconf 84' lang='lat' dir='ltr'>genus.</span> <span class='ocrx_word' id='word_1_247' title='bbox 1888 2064 1999 2108; x_wconf 91' lang='lat' dir='ltr'>mel-</span> 
     </span>
     <span class='ocr_line' id='line_1_49' title="bbox 1249 2122 2000 2178; baseline 0.001 -13"><span class='ocrx_word' id='word_1_248' title='bbox 1249 2122 1416 2166; x_wconf 88' lang='lat' dir='ltr'>lacium</span> <span class='ocrx_word' id='word_1_249' title='bbox 1459 2129 1668 2178; x_wconf 87' lang='lat' dir='ltr'>tempore</span> <span class='ocrx_word' id='word_1_250' title='bbox 1707 2123 1843 2167; x_wconf 90' lang='lat' dir='ltr'>Nonii</span> <span class='ocrx_word' id='word_1_251' title='bbox 1885 2123 2000 2170; x_wconf 85' lang='lat' dir='ltr'>Mar-</span> 
     </span>
     <span class='ocr_line' id='line_1_50' title="bbox 1250 2182 2001 2237; baseline 0.001 -12"><span class='ocrx_word' id='word_1_252' title='bbox 1250 2182 1353 2225; x_wconf 89' lang='lat' dir='ltr'>celli</span> <span class='ocrx_word' id='word_1_253' title='bbox 1373 2195 1415 2237; x_wconf 94' lang='lat' dir='ltr'>p.</span> <span class='ocrx_word' id='word_1_254' title='bbox 1435 2183 1536 2226; x_wconf 85' lang='lat'>379.</span> <span class='ocrx_word' id='word_1_255' title='bbox 1555 2194 1596 2226; x_wconf 90' lang='grc'>3.</span> <span class='ocrx_word' id='word_1_256' title='bbox 1616 2182 1857 2226; x_wconf 84' lang='lat' dir='ltr'>dicebatur</span> <span class='ocrx_word' id='word_1_257' title='bbox 1876 2182 2001 2237; x_wconf 90' lang='lat' dir='ltr'>quod</span> 
     </span>
     <span class='ocr_line' id='line_1_51' title="bbox 1249 2239 2000 2296; baseline 0.001 -12"><span class='ocrx_word' id='word_1_258' title='bbox 1249 2245 1389 2285; x_wconf 88' lang='lat' dir='ltr'>antea</span> <span class='ocrx_word' id='word_1_259' title='bbox 1420 2253 1546 2296; x_wconf 87' lang='lat' dir='ltr'>sapa.</span> <span class='ocrx_word' id='word_1_260' title='bbox 1570 2266 1621 2271; x_wconf 79' lang='lat'>—</span> <span class='ocrx_word' id='word_1_261' title='bbox 1641 2239 1892 2292; x_wconf 87' lang='lat' dir='ltr'>defreti‚</span> <span class='ocrx_word' id='word_1_262' title='bbox 1912 2241 2000 2285; x_wconf 91' lang='lat' dir='ltr'>de-</span> 
     </span>
     <span class='ocr_line' id='line_1_52' title="bbox 1248 2298 1998 2344; baseline -0.001 -2"><span class='ocrx_word' id='word_1_263' title='bbox 1248 2298 1437 2344; x_wconf 91' lang='lat' dir='ltr'>frethi</span> <span class='ocrx_word' id='word_1_264' title='bbox 1480 2299 1615 2344; x_wconf 84' lang='lat' dir='ltr'>codd.</span> <span class='ocrx_word' id='word_1_265' title='bbox 1662 2299 1893 2343; x_wconf 89' lang='lat' dir='ltr'>defruti</span> <span class='ocrx_word' id='word_1_266' title='bbox 1926 2299 1998 2344; x_wconf 90' lang='lat' dir='ltr'>ed.</span> 
     </span>
     <span class='ocr_line' id='line_1_53' title="bbox 1245 2359 1998 2414; baseline 0.001 -12"><span class='ocrx_word' id='word_1_267' title='bbox 1245 2372 1312 2414; x_wconf 87' lang='lat' dir='ltr'>pr.</span> <span class='ocrx_word' id='word_1_268' title='bbox 1348 2359 1415 2402; x_wconf 90' lang='grc'><strong>67.</strong></span> <span class='ocrx_word' id='word_1_269' title='bbox 1452 2384 1506 2391; x_wconf 94' lang='lat'>—-</span> <span class='ocrx_word' id='word_1_270' title='bbox 1541 2359 1765 2403; x_wconf 81' lang='lat' dir='ltr'>exierit</span> <span class='ocrx_word' id='word_1_271' title='bbox 1808 2359 1998 2403; x_wconf 83' lang='lat' dir='ltr'>exstite-</span> 
     </span>
     <span class='ocr_line' id='line_1_54' title="bbox 1245 2416 1998 2473; baseline 0 -13"><span class='ocrx_word' id='word_1_272' title='bbox 1245 2419 1319 2470; x_wconf 88' lang='lat' dir='ltr'>rit,</span> <span class='ocrx_word' id='word_1_273' title='bbox 1354 2418 1568 2470; x_wconf 85' lang='lat' dir='ltr'>evaserit,</span> <span class='ocrx_word' id='word_1_274' title='bbox 1603 2416 1661 2462; x_wconf 87' lang='lat' dir='ltr'>cf.</span> <span class='ocrx_word' id='word_1_275' title='bbox 1679 2417 1919 2473; x_wconf 81' lang='lat' dir='ltr'>Wopkens</span> <span class='ocrx_word' id='word_1_276' title='bbox 1937 2417 1998 2461; x_wconf 88' lang='lat' dir='ltr'>ad</span> 
     </span>
     <span class='ocr_line' id='line_1_55' title="bbox 1245 2476 1993 2534; baseline -0.003 -14"><span class='ocrx_word' id='word_1_277' title='bbox 1245 2477 1412 2534; x_wconf 85' lang='lat' dir='ltr'>Hygin.</span> <span class='ocrx_word' id='word_1_278' title='bbox 1447 2476 1539 2521; x_wconf 90' lang='lat' dir='ltr'>fab.</span> <span class='ocrx_word' id='word_1_279' title='bbox 1573 2477 1649 2521; x_wconf 80' lang='lat'>84.</span> <span class='ocrx_word' id='word_1_280' title='bbox 1675 2490 1717 2532; x_wconf 88' lang='lat' dir='ltr'>p.</span> <span class='ocrx_word' id='word_1_281' title='bbox 1748 2477 1841 2520; x_wconf 82' lang='grc'><strong>161.</strong></span> <span class='ocrx_word' id='word_1_282' title='bbox 1879 2490 1993 2521; x_wconf 90' lang='lat' dir='ltr'>corr.</span> 
     </span>
     <span class='ocr_line' id='line_1_56' title="bbox 1243 2535 2001 2591; baseline -0.001 -12"><span class='ocrx_word' id='word_1_283' title='bbox 1243 2550 1328 2591; x_wconf 88' lang='lat' dir='ltr'>pro</span> <span class='ocrx_word' id='word_1_284' title='bbox 1362 2535 1556 2587; x_wconf 88' lang='lat' dir='ltr'>fuerit,</span> <span class='ocrx_word' id='word_1_285' title='bbox 1591 2535 1861 2587; x_wconf 88' lang='lat' dir='ltr'>effuerit,</span> <span class='ocrx_word' id='word_1_286' title='bbox 1905 2549 2001 2579; x_wconf 83' lang='lat' dir='ltr'>ex-</span> 
     </span>
     <span class='ocr_line' id='line_1_57' title="bbox 1244 2594 1999 2651; baseline -0.001 -13"><span class='ocrx_word' id='word_1_287' title='bbox 1244 2596 1417 2640; x_wconf 83' lang='lat' dir='ltr'>uerit.</span> <span class='ocrx_word' id='word_1_288' title='bbox 1465 2596 1612 2651; x_wconf 86' lang='lat' dir='ltr'>magis</span> <span class='ocrx_word' id='word_1_289' title='bbox 1659 2595 1846 2650; x_wconf 86' lang='lat' dir='ltr'>placeat</span> <span class='ocrx_word' id='word_1_290' title='bbox 1895 2594 1999 2637; x_wconf 90' lang='lat' dir='ltr'>aliis</span> 
     </span>
     <span class='ocr_line' id='line_1_58' title="bbox 1250 2653 2002 2699; baseline 0 -2"><span class='ocrx_word' id='word_1_291' title='bbox 1250 2655 1307 2697; x_wconf 92' lang='lat' dir='ltr'>in</span> <span class='ocrx_word' id='word_1_292' title='bbox 1366 2653 1466 2698; x_wconf 87' lang='lat' dir='ltr'>fat.</span> <span class='ocrx_word' id='word_1_293' title='bbox 1537 2654 1787 2699; x_wconf 83' lang='lat' dir='ltr'>exierit.</span> <span class='ocrx_word' id='word_1_294' title='bbox 1838 2679 1890 2685; x_wconf 91' lang='lat'>—</span> <span class='ocrx_word' id='word_1_295' title='bbox 1940 2658 2002 2697; x_wconf 91' lang='lat' dir='ltr'>ut</span> 
     </span>
     <span class='ocr_line' id='line_1_59' title="bbox 1251 2713 1560 2758; baseline -0.01 0"><span class='ocrx_word' id='word_1_296' title='bbox 1251 2713 1390 2758; x_wconf 90' lang='lat' dir='ltr'>bull.</span> <span class='ocrx_word' id='word_1_297' title='bbox 1426 2713 1560 2757; x_wconf 86' lang='lat' dir='ltr'>codd.</span> 
     </span>
    </p>

    <p class='ocr_par' dir='ltr' id='par_1_12' title="bbox 1250 2770 1999 3007">
     <span class='ocr_line' id='line_1_60' title="bbox 1339 2770 1998 2826; baseline -0.003 -11"><span class='ocrx_word' id='word_1_298' title='bbox 1339 2771 1401 2815; x_wconf 87' lang='lat' dir='ltr'>ad</span> <span class='ocrx_word' id='word_1_299' title='bbox 1436 2772 1531 2814; x_wconf 87' lang='grc'><strong>146.</strong></span> <span class='ocrx_word' id='word_1_300' title='bbox 1586 2771 1720 2815; x_wconf 89' lang='lat' dir='ltr'>deest</span> <span class='ocrx_word' id='word_1_301' title='bbox 1750 2770 1795 2813; x_wconf 91' lang='lat' dir='ltr'>in</span> <span class='ocrx_word' id='word_1_302' title='bbox 1828 2770 1898 2814; x_wconf 93' lang='lat' dir='ltr'>ed.</span> <span class='ocrx_word' id='word_1_303' title='bbox 1932 2784 1998 2826; x_wconf 87' lang='lat' dir='ltr'>pr.</span> 
     </span>
     <span class='ocr_line' id='line_1_61' title="bbox 1252 2829 1999 2886; baseline 0 -12"><span class='ocrx_word' id='word_1_304' title='bbox 1252 2856 1304 2861; x_wconf 75' lang='lat'>-</span> <span class='ocrx_word' id='word_1_305' title='bbox 1353 2831 1580 2886; x_wconf 86' lang='lat' dir='ltr'>lagitis,</span> <span class='ocrx_word' id='word_1_306' title='bbox 1628 2829 1876 2886; x_wconf 85' lang='lat' dir='ltr'>lagatis.</span> <span class='ocrx_word' id='word_1_307' title='bbox 1920 2829 1999 2874; x_wconf 90' lang='lat' dir='ltr'>le-</span> 
     </span>
     <span class='ocr_line' id='line_1_62' title="bbox 1251 2888 1999 2946; baseline 0 -13"><span class='ocrx_word' id='word_1_308' title='bbox 1251 2890 1429 2946; x_wconf 85' lang='lat' dir='ltr'>gatis,</span> <span class='ocrx_word' id='word_1_309' title='bbox 1463 2889 1677 2945; x_wconf 83' lang='lat' dir='ltr'>ligatis</span> <span class='ocrx_word' id='word_1_310' title='bbox 1710 2888 1799 2932; x_wconf 91' lang='lat' dir='ltr'>cod</span> <span class='ocrx_word' id='word_1_311' title='bbox 1831 2888 1999 2933; x_wconf 83' lang='lat'>141.—</span> 
     </span>
     <span class='ocr_line' id='line_1_63' title="bbox 1250 2948 1901 3007; baseline 0.005 -14"><span class='ocrx_word' id='word_1_312' title='bbox 1250 2949 1413 3005; x_wconf 85' lang='lat' dir='ltr'>supple</span> <span class='ocrx_word' id='word_1_313' title='bbox 1448 2949 1675 3007; x_wconf 87' lang='lat' dir='ltr'>quaedam</span> <span class='ocrx_word' id='word_1_314' title='bbox 1711 2962 1766 2993; x_wconf 86' lang='lat' dir='ltr'>ex</span> <span class='ocrx_word' id='word_1_315' title='bbox 1802 2948 1901 2996; x_wconf 83' lang='lat'>140.</span> 
     </span>
    </p>
   </div>
  </div>
 </body>
</html>
