2098 3470
706 307 805 354 Lib.
840 306 915 352 VI.
981 307 1222 365 Tropetes.
1665 303 1766 358 123

294 444 417 497 234.
462 445 535 497 In
575 443 600 496 f
611 442 1059 511 enicoptem:
1100 440 1488 512 fenicopterum
1518 439 1770 507 eliberaS,

181 518 348 586 lavas,
392 535 565 584 ornaS,
605 517 831 572 includis
869 516 920 568 in
964 517 1270 582 caccabum,
1314 515 1514 569 adicies
1555 531 1766 582 aquam,

187 594 373 659 salem,
416 598 629 646 anetum
658 597 709 644 et
750 591 888 644 aceti
940 590 1226 655 modicum,
1282 589 1501 642 dimidia
1554 593 1769 642 coctura

177 667 369 733 alligas
408 667 720 720 fasciculum
765 665 910 734 porri
964 669 1015 717 et
1069 663 1333 717 coriandri
1386 668 1438 716 ct
1491 668 1762 731 coquatur.

176 758 345 808 prope
398 746 663 794 cocturam
719 739 997 794 defrictum
1051 738 1228 804 mittis,
1285 738 1510 791 coloraS.
1565 737 1768 790 adicies

176 815 230 868 in
271 815 574 867 mortarium
625 814 795 883 piper,
852 813 1115 879 ciminum,
1171 811 1525 878 coriandrum,
1579 812 1768 864 lasaris

175 889 426 955 radicem,
467 893 717 955 mentam,
759 892 946 954 rutam,
991 886 1221 952 fricabis,
1250 886 1509 939 suffundis
1541 891 1767 954 acetum,

176 963 378 1015 adicies
420 966 691 1029 cariotam,
733 963 814 1014 ius
855 961 923 1014 de
965 978 1058 1014 suo
1101 961 1199 1014 sibi
1250 960 1541 1028 perfundis
1596 960 1767 1014 reexi-

174 1037 363 1090 nanies
416 1037 471 1090 in
524 1037 751 1090 eundem
806 1037 1112 1102 caccabum,
1181 1035 1355 1087 amolo
1409 1035 1633 1102 obligas,
1688 1035 1769 1087 ius

175 1110 452 1180 perfundis
495 1117 547 1164 et
586 1111 795 1165 inferes,
838 1110 982 1163 idem
1021 1109 1191 1162 facies
1234 1114 1285 1161 et
1323 1109 1378 1161 in
1416 1109 1663 1177 psittaco,

288 1187 410 1238 235.
473 1186 667 1238 Aliter:
711 1202 862 1238 assas
893 1202 1064 1238 avem.
1095 1188 1236 1237 teres
1263 1183 1434 1254 piper,
1465 1183 1766 1250 ligisticum,

176 1260 264 1331 api
305 1277 503 1328 semen,
547 1277 811 1314 sesamum
852 1259 1076 1324 frictum,
1106 1259 1487 1326 petrosilinum,
1518 1263 1767 1324 mentam,

177 1351 365 1402 cepam
434 1335 647 1401 siccam,
711 1335 963 1387 cariotam
1018 1333 1194 1399 melle,
1262 1332 1402 1398 vinc,
1462 1332 1767 1399 liquamine,

176 1414 346 1473 acetO,
391 1409 507 1462 oleo
551 1414 602 1462 et
641 1407 866 1461 defricto
907 1406 1246 1478 temperabis.

289 1483 410 1536 236.
475 1484 619 1537 Aves
673 1499 856 1535 omnes
908 1499 974 1535 ne
1029 1481 1341 1548 liquescant,
1397 1497 1517 1534 cum
1570 1479 1764 1549 plumis

177 1650 520 1690 contextam
579 1645 680 1689 cod.
743 1644 785 1687 in
835 1657 925 1688 uno

177 1718 272 1761 par.
310 1709 660 1749 contectam.
694 1704 926 1747 Hum.t'a-

113 1778 131 1795 ·
176 1765 308 1808 rina
341 1764 476 1809 oleo
509 1764 763 1809 subacta
796 1777 920 1808 con-

175 1828 409 1868 tectam.

263 1883 325 1926 ad
358 1884 456 1926 233.
494 1881 668 1927 fructus
702 1883 835 1927 oleae
856 1895 924 1926 rc-

175 1955 280 1986 ccns
312 1942 678 1998 graveolentiam
708 1942 925 1986 emendat

176 2007 223 2045 et
269 2002 313 2045 in
372 2015 420 2045 se
482 2001 639 2046 trahit.
704 2002 926 2056 intellege

176 2062 456 2105 Graecorum
534 2061 714 2107 θλαστὰς
777 2060 925 2109 ἐλαίας,

176 2121 412 2164 corticulis
457 2120 672 2164 resolutis
706 2126 753 2164 et
786 2120 925 2164 emol-

175 2181 271 2223 litis
305 2185 537 2231 contusas,
569 2179 741 2224 Athen.
778 2182 818 2231 2,
852 2179 923 2222 47.

176 2240 383 2294 Geopon.
431 2240 472 2290 9,
505 2241 577 2289 32,
626 2243 662 2281 1.
709 2238 922 2283 Schneid.

173 2299 233 2341 ad
267 2299 444 2342 Colum.
490 2300 557 2347 12,
591 2299 662 2349 51,
700 2300 735 2341 1.
779 2311 924 2353 oppo-

172 2364 341 2401 nuntur
372 2358 640 2401 natantibus
683 2371 757 2412 ap.
800 2357 924 2400 Cael.

175 2415 288 2459 Aur.
326 2416 482 2460 chron.
514 2417 557 2467 4,
589 2418 629 2460 3.
664 2431 707 2472 p.
744 2417 841 2460 296.

263 2475 324 2518 ad
343 2475 441 2518 234.
467 2489 491 2519 0
506 2475 587 2519 lib
604 2489 628 2519 c
642 2489 733 2519 ras
753 2476 925 2519 corium

175 2533 380 2577 detrahis
414 2536 512 2577 215.
550 2548 664 2578 corr.
701 2548 782 2589 pro
817 2534 925 2578 eli-

175 2594 357 2637 bexas
390 2607 471 2637 sex
490 2594 715 2645 codicum,
741 2593 924 2637 elixa-

173 2653 264 2696 bis
298 2652 369 2696 ed.
404 2666 469 2707 pr.
506 2653 702 2696 elixas
736 2665 832 2708 par.
867 2653 923 2696 Η.

174 2712 320 2756 rarius
363 2711 553 2755 verbum
597 2712 640 2754 in
675 2710 785 2755 Act.
819 2725 924 2766 pro-

175 2784 298 2815 cons.
333 2771 544 2827 martyrii
576 2770 618 2814 S.
654 2770 701 2817 S.
736 2771 925 2827 Didymi

175 2834 224 2874 et
257 2829 532 2874 Theodorae
565 2844 607 2872 11.
642 2830 681 2873 8.
706 2856 757 2859 —
792 2830 924 2873 intel-

174 2889 421 2945 legendum
461 2902 561 2932 esse
594 2888 923 2944 phoenicopte-

174 2963 269 2992 rum
296 2948 496 2999 rubrum,
529 2949 765 2999 minorem,
795 2947 923 2992 fami-

1019 1644 1109 1687 liae
1128 1643 1511 1701 hygrobatarum‚
1532 1656 1665 1699 quem
1684 1655 1769 1687 nos

1018 1704 1212 1747 dicimus
1260 1703 1477 1758 flamingo
1526 1708 1574 1746 et
1618 1703 1770 1746 adhuc

1016 1762 1246 1818 hospitem
1280 1763 1443 1806 ltaliae
1466 1762 1633 1806 scimus
1650 1775 1770 1806 nunc

1016 1828 1190 1866 notum.
1213 1848 1264 1854 ψ
1300 1827 1361 1865 ut
1395 1834 1458 1865 co
1476 1834 1516 1877 q.
1555 1822 1690 1865 codd.
1715 1848 1768 1854 —-

1016 1882 1159 1926 verba
1247 1881 1634 1926 reexinanies
1717 1906 1766 1911 «-

1016 1940 1334 1996 perfundis
1376 1946 1484 1985 sunt
1537 1954 1593 1985 ex
1635 1945 1679 1993 β.
1722 1945 1770 1984 ct

1018 2000 1139 2044 hum.
1174 2000 1231 2044 cf.
1267 2001 1365 2043 216.
1401 2000 1500 2043 249.

1106 2061 1179 2104 ad.
1215 2061 1301 2103 235
1359 2060 1525 2104 sesami
1569 2059 1769 2103 orienta-

1018 2120 1072 2163 lis
1105 2121 1154 2163 L.
1202 2121 1377 2163 semina
1421 2119 1622 2163 candida
1651 2131 1769 2174 quae

1015 2180 1060 2222 in
1120 2179 1298 2234 siliquis
1356 2184 1462 2222 sunt
1518 2179 1770 2222 seminibus

1015 2238 1096 2281 lini
1129 2238 1295 2282 similia
1329 2239 1493 2293 optimi
1523 2238 1704 2292 saporis
1722 2243 1769 2280 et

1014 2298 1214 2341 iucunda
1247 2303 1353 2341 sunt
1386 2311 1478 2348 esu,
1515 2310 1656 2353 quare
1688 2296 1769 2341 ho-

1019 2357 1094 2400 die
1128 2371 1311 2413 quoque
1344 2357 1388 2399 in
1419 2357 1552 2400 terris
1571 2358 1768 2400 orienta-

1018 2417 1138 2460 libus
1178 2417 1239 2459 ad
1284 2417 1438 2460 varios
1479 2416 1608 2459 cibos
1641 2414 1768 2458 adhi-

1018 2476 1198 2519 bentur.
1232 2474 1481 2519 frictum
1515 2489 1570 2519 ex
1612 2479 1643 2525 β
1683 2488 1767 2530 pro

1019 2533 1362 2578 defrictum.
1397 2535 1463 2578 sic
1494 2535 1552 2578 sil
1582 2534 1768 2577 frictum

1021 2594 1117 2636 179.
1154 2594 1384 2637 coriandri
1403 2607 1555 2638 semen
1573 2594 1673 2637 336.
1694 2606 1768 2636 cu-

1015 2653 1185 2695 minum
1213 2654 1399 2708 passim.
1421 2678 1472 2684 —
1502 2653 1678 2696 melle
1702 2659 1767 2696 tc-

1015 2724 1100 2754 res.
1137 2712 1273 2756 oleo
1309 2712 1509 2756 condies.
1545 2710 1767 2756 defric-

1015 2776 1075 2814 to
1108 2775 1277 2826 temp.
1312 2772 1410 2815 238.

1105 2830 1166 2873 ad
1199 2831 1297 2874 236.
1333 2829 1388 2874 cf.
1424 2831 1523 2873 221.
1562 2855 1610 2859 υ
1658 2830 1765 2873 eli-

1015 2893 1154 2933 xate
1202 2889 1336 2933 codd.
1382 2915 1435 2919 —-
1480 2891 1528 2933 si
1575 2889 1767 2944 absorp-

1017 2953 1113 2992 tum
1145 2948 1319 2993 addidi.
1356 2947 1411 2994 cf.
1432 2949 1499 2992 64.
1520 2948 1620 2993 305.
1642 2949 1765 2994 Plin.
