2098 3470
674 291 776 338 Lib.
796 292 918 337 VIII.
961 291 1206 347 Tetrapus.
1632 291 1733 344 177

148 427 328 495 ossati,
386 427 604 481 fabriles
657 425 818 493 bulbi,
873 426 1094 478 cocleae
1146 428 1446 493 exemptae,
1506 424 1735 492 malvae,

147 504 321 568 betae,
363 500 523 570 porri,
565 500 760 568 apium,
811 499 1019 552 coliculi
1061 498 1200 565 elixi,
1256 498 1609 566 coriandrum,
1657 499 1735 569 pi-

146 593 244 644 per
270 575 549 642 integrum,
579 573 771 640 nuclei,
814 589 916 625 ova
944 571 1246 639 quindecim
1287 571 1736 640 superinfundun-

146 655 244 715 tur,
273 649 539 716 liquamen
567 648 884 719 piperatum,
914 663 1018 698 uva
1043 645 1328 699 mittuntur.
1358 646 1508 699 trica.
1540 651 1592 700 et
1612 663 1740 700 con-

146 722 311 776 suitur
352 727 404 775 et
443 721 806 790 praeduratur,
860 720 915 772 in
965 719 1118 772 furno
1172 724 1395 772 assatur.
1454 719 1650 774 deinde
1705 738 1739 774 a

148 796 306 849 dorso
347 795 599 849 scinditur
640 799 691 848 et
727 794 841 847 iure
881 793 981 847 hoc
1021 792 1382 864 perfunditur:
1424 794 1581 865 piper
1612 794 1733 848 teri-

145 875 245 936 tur,
285 875 418 935 ruta,
458 869 743 935 liquamen,
782 883 1017 937 passum,
1067 867 1188 935 mel,
1231 867 1407 921 oleum
1447 867 1730 922 modicum.

148 960 266 997 cum
305 942 551 1010 bullierit,
593 943 821 995 amolum
860 942 1093 994 mittitur.

259 1017 382 1071 385.
438 1017 552 1069 Ius
606 1015 953 1084 frigidum
994 1015 1061 1068 in
1098 1015 1488 1083 porcellum
1527 1015 1738 1069 ineli-

146 1107 295 1144 xum
334 1090 410 1144 ita
447 1089 646 1143 facies:
688 1094 830 1144 teres
869 1090 1040 1161 piper,
1082 1106 1314 1155 careum,
1365 1094 1596 1157 anetum,
1639 1089 1738 1143 ori-

147 1182 343 1233 ganum
375 1163 657 1232 modicum,
697 1164 917 1218 nucleos
956 1163 1162 1233 pineOS,
1202 1163 1476 1218 suffundes
1510 1168 1738 1231 acetum,

145 1239 430 1306 liquamen,
472 1238 744 1306 cariotum,
786 1239 911 1306 mel,
952 1254 1159 1309 senape
1198 1236 1415 1306 factum,
1466 1238 1737 1307 superstil-

145 1313 282 1368 labis
323 1313 513 1380 oleum,
554 1312 712 1384 piper
751 1312 997 1384 aspargis
1038 1317 1091 1366 et
1128 1310 1344 1366 inferes,

148 1447 343 1490 ciatus
376 1461 421 1490 π.
453 1458 620 1490 anovo
639 1444 782 1490 verbo
807 1443 893 1489 esi-

148 1506 270 1549 ciare
301 1504 375 1549 vel
407 1504 555 1548 sicare
596 1505 622 1548 i.
659 1517 700 1560 q.
734 1516 894 1550 secare

148 1565 246 1609 120.
289 1568 360 1608 est
391 1563 507 1619 pulli
536 1568 700 1620 pectus
731 1576 886 1608 exsec-

146 1629 244 1668 tum
287 1623 388 1667 200.
434 1648 486 1653 —
531 1623 893 1679 particulam

147 1683 192 1727 in
235 1681 442 1738 pluribus
493 1707 543 1712 —
592 1680 895 1727 ficetulae

150 1740 410 1785 125.—de
442 1740 624 1797 pulpa
655 1754 691 1786 s.
725 1742 892 1786 ut397.

148 1799 291 1856 pulpa
322 1799 380 1844 de
404 1800 507 1856 ipso
523 1799 684 1856 lepore
715 1800 777 1844 ad
793 1801 896 1845 373.

148 1859 366 1904 videntur
396 1859 604 1915 inprimis
637 1873 694 1904 ex
724 1860 898 1904 iocino-

150 1918 354 1962 refacta.
390 1944 442 1948 —
477 1918 794 1964 lucanicae
826 1918 896 1962 56.

151 2003 204 2007 w*
262 1976 514 2022 fabriles
569 1978 741 2023 bulbi
789 1977 898 2022 mihi

149 2041 258 2080 sunt
288 2036 348 2080 ad
380 2034 554 2080 fumum
585 2035 797 2082 fabrilem
814 2037 898 2081 sic-

150 2096 258 2148 cati,
305 2095 365 2139 ad
424 2094 603 2139 fabrum
662 2095 900 2140 ferrarium

151 2155 338 2205 servati,
372 2155 607 2210 quomodo
651 2155 804 2200 adhuc
840 2155 901 2199 ad

153 2214 378 2258 caminum
398 2226 536 2269 cepas
558 2226 805 2270 suspensas
821 2213 902 2257 ha-

151 2273 326 2318 bemus.
357 2273 422 2317 sic
439 2286 557 2317 uvae
575 2272 765 2318 fabriles
783 2286 902 2330 quae

153 2333 199 2375 in
231 2331 495 2377 fornacibus
516 2330 811 2377 ferrariorum
836 2331 903 2376 fa-

152 2391 340 2436 brorum
372 2404 624 2447 suspensae
646 2390 819 2436 fumum
835 2391 903 2436 bi-

154 2450 318 2495 berent
348 2449 529 2507 hocque
560 2450 700 2495 modo
733 2463 903 2506 passae

154 2504 316 2553 fierent
351 2523 443 2553 non
475 2509 617 2553 semel
641 2509 904 2561 laudantur,

155 2568 270 2612 Plin.
294 2567 363 2620 14,
385 2569 450 2612 16.
468 2568 542 2611 47.
574 2568 725 2612 Edict.
753 2568 904 2613 Diocl.

157 2627 199 2679 6,
231 2628 301 2671 92.
337 2631 385 2671 et
416 2640 445 2671 a
471 2627 662 2672 medicis
684 2627 906 2683 imperans

156 2691 247 2739 tur,
280 2686 404 2744 Cael.
438 2685 599 2731 Aurel.
631 2685 785 2731 chron.
806 2688 847 2738 2,
867 2687 906 2731 7.

162 2746 228 2789 13.
256 2746 297 2797 3,
316 2747 356 2790 2.
376 2745 417 2800 4,
437 2747 476 2789 3.
511 2745 744 2791 Theodor.
763 2746 904 2791 Prisc.

158 2805 202 2855 2,
236 2805 304 2847 12.
338 2805 411 2849 cui
443 2805 655 2849 dicuntur
672 2804 905 2850 fabriciae.

159 2860 490 2920 Humelbergio
524 2869 631 2909 sunt
662 2863 908 2910 fabricabi-

160 2923 228 2966 lcs
260 2922 411 2967 lanosi
441 2923 510 2967 illi
541 2922 629 2966 afri
668 2924 801 2979 (Plin.
842 2925 908 2976 19,

207 2996 246 3028 C.
272 2997 425 3036 Apicius
451 2999 507 3029 ed.
532 2996 690 3030 Schuch-

986 1445 1055 1488 95.
1099 1443 1306 1489 Iuvenal.
1349 1445 1389 1497 7,
1433 1444 1530 1488 120.
1584 1444 1735 1489 Edict.

986 1503 1135 1548 Diocl.
1180 1504 1221 1555 6,
1263 1503 1369 1557 41.),
1411 1503 1472 1547 ad
1514 1504 1652 1548 maris
1684 1504 1737 1547 li-

987 1568 1092 1607 tora
1130 1563 1242 1614 nati,
1284 1576 1478 1619 quorum
1521 1576 1629 1619 pars
1673 1564 1738 1606 la-

986 1634 1104 1666 nosa
1140 1621 1226 1666 sub
1259 1622 1417 1677 primis
1460 1623 1627 1666 tunicis
1660 1636 1737 1667 ve-

987 1681 1136 1725 stibus
1184 1681 1396 1725 texendis
1443 1694 1589 1733 usum,
1632 1695 1740 1738 pars

987 1740 1180 1784 interior
1198 1740 1347 1784 cibum
1366 1739 1576 1796 praebet,
1589 1740 1740 1786 Theo-

988 1798 1089 1855 phr.
1132 1798 1238 1843 hist.
1285 1799 1348 1855 pl.
1400 1799 1440 1851 7,
1485 1800 1555 1852 13,
1597 1801 1637 1844 8.
1681 1800 1740 1844 de

988 1858 1142 1903 bulbis
1191 1858 1288 1901 181.
1342 1883 1394 1888 -
1439 1871 1550 1902 ova.
1589 1859 1739 1903 mitt.

989 1917 1122 1962 tria.
1155 1931 1248 1961 non
1292 1915 1594 1964 defenderim.
1635 1932 1742 1963 con-

989 1977 1077 2021 ieci
1110 1988 1248 2021 ossa
1280 1989 1337 2021 ex
1368 1977 1470 2020 378.
1503 1978 1604 2021 379.
1640 1979 1740 2021 253.

990 2041 1039 2081 et
1069 2047 1178 2079 uva
1220 2035 1372 2079 colum
1414 2036 1514 2079 318.
1559 2036 1662 2081 427.
1696 2042 1744 2081 et

991 2095 1376 2139 misceantur.
1424 2095 1622 2140 maxime
1664 2109 1741 2139 ne-

994 2153 1244 2199 cessarium
1287 2153 1436 2198 visum
1480 2155 1637 2198 trica
1678 2155 1745 2198 in-

993 2213 1140 2264 culca,
1172 2212 1312 2268 imple
1345 2225 1446 2257 eam
1475 2213 1745 2269 impensam.

995 2299 1047 2303 —
1072 2271 1372 2316 scinditur
1398 2268 1603 2325 finditur,
1636 2285 1745 2328 ape-

994 2332 1111 2375 ritur
1144 2330 1336 2375 cultello
1382 2335 1435 2374 ut
1475 2331 1545 2375 ius
1588 2332 1746 2384 intret,

994 2390 1079 2435 sub
1113 2396 1219 2434 cute
1251 2389 1503 2445 recipiatur
1532 2391 1635 2435 377.

1083 2449 1144 2493 ad
1175 2449 1277 2492 385.
1342 2449 1607 2505 porcelli
1654 2450 1747 2494 ius

995 2509 1050 2552 in
1083 2508 1304 2553 elixum
1336 2507 1627 2564 frigidum
1661 2509 1750 2553 ita

996 2566 1037 2611 f.
1087 2580 1184 2624 par.
1232 2567 1323 2611 ius
1371 2565 1410 2610 f.
1459 2568 1515 2611 in
1562 2581 1616 2624 p.
1662 2568 1750 2612 ita

999 2625 1179 2671 faces
1220 2627 1277 2670 in
1326 2625 1553 2671 elixum
1589 2628 1748 2673 ceteri.

998 2699 1083 2742 pro
1115 2699 1188 2730 me
1221 2684 1277 2730 cf.
1312 2686 1412 2729 217.
1445 2687 1546 2730 333.
1579 2711 1633 2719 -
1666 2700 1750 2731 ca-

998 2745 1212 2789 riotam
1261 2744 1398 2789 codd.
1452 2759 1577 2789 sen.
1628 2746 1752 2790 fac-

999 2809 1114 2848 tum
1162 2809 1214 2849 ut
1254 2805 1355 2848 393.
1403 2810 1750 2861 praeparatum,

999 2862 1261 2908 confectum
1293 2865 1334 2908 9.
1368 2865 1543 2920 sinapis
1571 2863 1752 2909 confec-

1000 2927 1050 2967 ta
1080 2924 1126 2967 in
1157 2923 1309 2967 Edict.
1343 2923 1496 2968 Diocl.
1532 2925 1572 2975 1,
1595 2924 1666 2968 35.
1702 2929 1753 2968 ut

1492 2998 1546 3041 12
