2098 3470
378 345 406 399 7
415 346 448 401 2
904 344 1002 392 Lib.
1021 344 1099 391 IV.
1161 346 1431 396 Pandectcs

381 484 524 558 [vini]
565 480 712 551 passi
753 480 962 549 ciatum,
1003 481 1178 534 mittes
1216 480 1271 533 in
1311 483 1654 537 caccabulum
1702 486 1805 540 olei
1843 505 1959 542 unc.

375 562 474 614 III.
526 557 634 611 illic
686 555 906 609 ferveat.

983 557 1296 621 Perungues
1349 556 1602 626 patinam,
1654 560 1708 613 in
1756 580 1822 616 ea
1862 580 1963 617 ova

373 635 463 688 VI.
523 648 641 686 cum
681 646 953 696 oenogaro
1008 629 1215 694 misceS,
1273 645 1390 681 cum
1439 647 1565 684 suco
1619 638 1871 706 asparagi
1919 639 1963 691 si

376 709 603 776 inpones
645 703 820 757 cinere
862 702 1053 768 ealidO,
1095 702 1268 756 mittes
1302 703 1579 772 inpensam
1607 723 1769 776 supra
1801 712 1962 780 scrip-

373 788 498 848 tam,
539 786 665 833 tunc
705 776 945 829 ficetulas
986 792 1273 844 conpones.
1318 793 1528 844 coques
1586 781 1741 850 piper
1780 802 1961 854 aspar-

374 857 458 925 gis
499 860 551 908 et
587 851 801 906 inferes.

489 930 607 982 126.
672 925 838 977 Aliter
877 922 1112 993 patina
1164 922 1240 975 de
1280 930 1689 996 asparagis:
1759 933 1962 988 adicies

372 1003 428 1056 in
466 999 770 1055 mortarium
811 1012 1198 1067 asparagorum
1231 998 1566 1066 praecisuras
1597 1003 1751 1075 [quae
1789 1009 1961 1078 proei-

375 1074 603 1148 duntur],
644 1079 801 1138 teres,
845 1070 1119 1124 suffundes
1159 1070 1353 1137 vinum,
1386 1075 1673 1132 colasteres
1703 1081 1871 1151 piper,
1902 1082 1960 1134 li-

374 1152 638 1220 gisticum‚
681 1143 1013 1201 coriandrum
1055 1143 1242 1211 viride,
1283 1148 1584 1217 satureiam,
1641 1171 1846 1224 cepam7
1887 1157 1960 1208 vi-

373 1243 515 1292 num,
557 1224 826 1291 liquamen
868 1223 919 1272 et
959 1219 1146 1271 oleum.
1202 1234 1386 1271 sucum
1437 1226 1725 1281 transferes
1776 1229 1831 1281 in
1869 1247 1961 1299 pa-

371 1301 551 1355 tellam

603 1298 914 1368 perunctam
967 1296 1019 1345 et
1057 1291 1102 1345 si
1139 1292 1370 1345 volueris
1421 1311 1537 1366 ova,
1592 1300 1852 1356 dissolves
1892 1303 1963 1357 ad

373 1375 554 1442 ignem
593 1376 649 1424 ut
689 1368 906 1434 obliget.
949 1366 1104 1436 piper
1144 1365 1397 1419 minutum
1437 1387 1712 1441 asparges,

489 1448 610 1500 127.
674 1439 874 1516 [Aliter]
929 1439 1173 1492 Patinam
1228 1456 1294 1492 ex
1342 1444 1550 1499 rusticis
1607 1449 1719 1503 sive
1770 1453 1960 1506 tamnis

370 1522 486 1576 sive
540 1518 730 1587 senapi
781 1513 935 1568 viridi
987 1513 1098 1567 sive
1153 1529 1434 1570 cucumere
1486 1521 1598 1575 sive
1648 1525 1848 1579 coliclis
1886 1527 1961 1580 ita

371 1686 522 1730 altera
540 1684 693 1730 calida
709 1688 913 1739 paratur,
943 1692 1124 1741 postre-

368 1759 444 1789 mo
478 1746 811 1790 commiscetur.
839 1771 891 1775 -ψ
923 1751 980 1790 et
1002 1748 1124 1790 mit-

368 1810 464 1849 tes
498 1805 558 1849 ad
590 1805 743 1861 ignem
775 1818 934 1860 pones.
962 1831 1015 1836 —
1050 1806 1123 1850 fe-

370 1864 598 1908 citulas
631 1868 709 1914 βπ.
728 1863 901 1908 secet.
936 1862 1007 1909 ὃθ.
1042 1864 1123 1910 fe-

369 1923 487 1968 ced.
506 1940 542 1977 γ.
577 1921 753 1967 fieed.
789 1924 818 1972 ζ.
835 1922 890 1967 cf.
910 1923 1005 1968 134.
1020 1925 1122 1969 384.

367 1982 552 2026 Lachm.
599 1982 660 2026 ad
699 1983 879 2027 Lucret.
914 1985 956 2034 3,
992 1984 1121 2029 1014.

368 2038 570 2086 ficedula
622 2041 804 2097 vulgari
853 2040 1003 2086 forma
1051 2049 1123 2087 est

367 2114 441 2155 ap.
475 2100 590 2144 Plin.
613 2102 684 2151 10,
702 2102 770 2145 86.
805 2102 937 2146 Mart.
962 2103 1030 2154 13,
1047 2103 1119 2147 49.

367 2159 570 2204 Macrob.
616 2164 702 2204 sat.
750 2162 792 2210 3,
838 2162 906 2212 13,
942 2162 1010 2204 12.
1050 2164 1123 2207 cui

368 2218 626 2274 respondet
655 2218 939 2264 Graecorum
965 2234 1121 2266 recen-

369 2278 484 2321 tium
510 2281 731 2330 avxoepac,
779 2277 1120 2334 seigenfresser.

368 2341 581 2380 curtas
629 2351 723 2381 non
770 2338 974 2393 integras
1020 2339 1118 2390 134,

366 2400 498 2440 totae
532 2395 651 2440 enim
682 2396 821 2451 vulgo
846 2397 1118 2449 edebantur,

369 2454 484 2499 Gell.
522 2454 591 2505 15,
625 2455 666 2505 8,
692 2456 733 2499 2.
767 2461 1012 2501 curatas
1045 2458 1116 2501 ed.

366 2513 420 2556 H.
443 2539 495 2545 -—-
514 2527 599 2568 pro
633 2527 736 2557 sex
767 2515 813 2557 in
844 2515 978 2559 codd.
1000 2517 1117 2559 sed.

366 2596 419 2603 —-
453 2574 777 2627 asparagis
809 2574 936 2629 imp.
981 2575 1116 2618 codd.

366 2630 432 2674 sic
464 2631 513 2675 si
545 2632 719 2685 passim
751 2632 1020 2688 absorptum
1048 2634 1115 2677 15.

366 2690 437 2732 90.
474 2690 571 2733 189.
608 2691 706 2734 207.
742 2691 840 2734 236.

455 2748 518 2791 ad
538 2749 635 2791 126.
671 2762 788 2803 asp.
812 2751 1117 2804 praecisu-

364 2819 457 2850 ras
477 2819 736 2862 asparagos
753 2809 1004 2863 praecisos,
1026 2809 1118 2854 fru-

364 2866 524 2908 statim
555 2866 781 2910 eoncisos.
815 2880 966 2923 quae
993 2881 1117 2923 pro-

366 2923 664 2977 ciduntur,
688 2930 740 2969 ut
761 2925 868 2981 lego
886 2940 971 2981 pro
991 2940 1117 2981 pro-

363 2982 439 3032 ici
451 2996 480 3026 u
493 2996 521 3025 n
534 2987 554 3026 t
567 2997 596 3027 u
609 2997 644 3035 r,
688 2987 907 3040 tanquam
940 2985 1116 3044 glosse-

1214 1699 1289 1730 ma
1320 1686 1494 1731 inclusi.
1531 1712 1583 1717 -
1618 1694 1961 1735 teresssco-

1215 1747 1302 1791 las
1344 1748 1564 1792 omittunt
1610 1762 1690 1793 sex
1737 1749 1855 1798 libri
1906 1775 1959 1781 --

1216 1820 1326 1851 ova
1372 1808 1551 1858 misces,
1608 1807 1796 1864 frangis,
1845 1810 1961 1853 dis-

1214 1867 1420 1911 solves
1452 1867 1607 1911 solves
1629 1869 1727 1912 119.
1760 1869 1804 1911 ni
1828 1869 1960 1912 malis

1214 1925 1402 1982 iungere
1453 1939 1569 1979 „ova
1616 1927 1858 1979 dissolves,
1900 1928 1960 1972 ad

1213 1985 1393 2041 ignem“
1434 1986 1531 2029 scil.
1564 1999 1722 2041 pones.

1303 2046 1363 2088 ad
1384 2046 1480 2088 127.
1515 2044 1714 2089 Aliter
1737 2045 1853 2090 bene
1872 2060 1957 2090 om.

1212 2107 1254 2154 β.
1291 2129 1334 2133 --
1388 2105 1635 2148 rusticis
1673 2105 1826 2149 herbis
1863 2106 1957 2149 101.

1213 2163 1502 2208 silvestribus
1549 2168 1597 2208 et
1645 2169 1810 2218 sponte
1857 2177 1959 2209 nas-

1215 2223 1438 2274 centibus,
1454 2223 1611 2278 ἇγρίαις
1627 2223 1782 2266 Diosc.
1803 2224 1842 2274 2,
1858 2224 1956 2267 147.

1213 2282 1474 2336 agrestibus
1532 2282 1782 2325 secundum
1829 2283 1956 2326 Flav.

1211 2340 1331 2395 Vop.
1381 2341 1426 2384 in
1473 2341 1619 2384 Tacit.
1658 2343 1723 2383 11.
1773 2348 1959 2395 praeter

1209 2399 1423 2451 malvam,
1456 2400 1664 2451 urticam,
1697 2400 1874 2452 blitum,
1897 2401 1955 2444 al.

1211 2456 1285 2510 (cf.
1329 2472 1432 2502 mea
1480 2459 1616 2503 Olera
1661 2472 1706 2514 p.
1753 2461 1821 2503 11.
1868 2462 1955 2512 12.)

1211 2517 1424 2561 cramben
1471 2531 1553 2561 seu
1598 2517 1850 2561 brassicam
1901 2532 1957 2562 ex

1208 2576 1366 2620 Diosc.
1434 2577 1461 2619 l.
1512 2576 1538 2619 l.
1593 2576 1851 2630 intelleges.
1900 2602 1955 2607 —

1209 2635 1408 2678 tannis
1451 2640 1527 2686 βπ.
1572 2635 1793 2678 camnis
1827 2636 1848 2682 ζ
1886 2635 1955 2689 (Ιί-

1208 2693 1387 2737 brarius
1449 2694 1642 2738 volebat
1702 2698 1722 2736 t
1734 2706 1761 2736 a
1773 2707 1815 2736 m
1830 2694 1885 2737 ni
1899 2695 1953 2741 s).

1208 2752 1356 2796 tinis
1401 2752 1470 2796 ed.
1515 2766 1581 2807 pr.
1617 2752 1738 2796 unde
1771 2753 1954 2808 eymis

1207 2809 1320 2854 fecit
1379 2811 1512 2854 Hum.
1575 2811 1736 2865 planta
1786 2815 1953 2865 sponte

1206 2881 1414 2920 nascens,
1447 2868 1599 2912 adhuc
1638 2874 1779 2913 tanno
1812 2870 1952 2920 diota,

1208 2932 1255 2972 et
1295 2928 1341 2970 in
1383 2927 1580 2971 rusticas
1625 2941 1792 2971 coenas
1830 2929 1953 2972 lecta

1206 2987 1333 3030 varie
1366 2987 1580 3031 scribitur
1613 2992 1660 3033 et
1691 2987 1817 3045 apud
1835 2987 1949 3031 Plin.
