2098 3470
349 310 422 364 54
895 310 993 357 Lib.
1029 312 1106 358 III.
1172 311 1388 373 Cepuros

348 445 434 500 vel
477 462 759 501 caroenum
790 451 842 500 et
869 447 1114 502 ciminum
1139 446 1369 516 desuper
1396 463 1656 516 asparges
1685 454 1736 503 et
1764 450 1937 504 oleum

347 520 628 574 modicum.
664 521 754 574 ubi
780 520 1048 589 fervuerit,
1090 521 1419 591 polipodium
1449 527 1501 576 et
1526 523 1718 576 frustra
1745 541 1936 578 nucum

349 611 467 647 cum
506 595 794 662 liquamine
833 601 991 662 tereS,
1032 597 1325 650 ferventem
1365 597 1419 648 in
1447 601 1696 667 patenam
1725 597 1934 667 fundeS,

348 669 608 738 coperies.
651 670 827 722 statim
869 669 1108 738 depones
1150 674 1202 723 et
1241 669 1416 724 uteris

456 744 542 796 64.
585 744 752 798 Aliter
791 744 1111 797 betacios
1151 760 1506 797 varrones,
1567 745 1765 799 Varro:
1807 747 1934 812 „be-

343 817 512 870 tacios
536 817 633 872 sed
660 818 841 886 nigros
872 816 1111 889 [quorum
1139 818 1380 871 detersas
1407 817 1652 891 radices],
1679 836 1744 872 ex
1767 822 1934 873 mulso

344 890 597 945 decoctos
639 909 757 945 cum
797 892 909 945 sale
949 891 1159 946 modico
1203 896 1254 944 et
1294 893 1429 959 ole0,
1472 893 1558 946 vel
1598 893 1709 946 sale
1745 910 1850 961 qua
1885 899 1937 947 et

343 965 459 1019 oleo
499 965 556 1018 in
595 982 654 1019 se
696 969 847 1020 cocto
888 965 1147 1020 iusculum
1172 965 1354 1019 facere
1384 971 1435 1019 et
1463 967 1703 1035 potarc“.
1746 968 1935 1022 melius

342 1039 518 1107 etiam,
561 1040 604 1093 si
643 1039 697 1092 in
739 1056 801 1094 eo
843 1040 1018 1110 pullus
1058 1040 1124 1093 sit
1163 1039 1432 1093 dee-octus

452 1115 538 1167 65.
581 1114 749 1167 Aliter
788 1114 857 1167 ad
902 1119 1170 1168 ventrem:
1225 1113 1377 1182 apios
1429 1114 1624 1168 virides
1667 1132 1785 1168 cum
1827 1117 1934 1169 suis

343 1187 611 1242 radicibus
651 1188 856 1242 lavabis
898 1193 951 1242 et
996 1188 1225 1242 siccabis
1265 1187 1336 1241 ad
1383 1189 1565 1255 solem,
1620 1188 1818 1244 deinde
1860 1191 1933 1244 al-

337 1364 380 1406 p.
424 1349 515 1405 41.)
562 1350 728 1407 supple
775 1351 999 1403 „vinum“‚
1040 1348 1095 1395 ef.

336 1409 541 1454 Martial.
593 1412 636 1463 8,
686 1411 759 1461 56,
809 1410 876 1454 14.
940 1410 1099 1467 „nigra

341 1466 564 1514 falerna“.
588 1495 638 1500 —
660 1469 902 1526 abligas
934 1487 959 1525 y
976 1469 1095 1514 florr.

341 1529 568 1573 volebant
600 1529 847 1586 adligas
889 1529 964 1574 vel
998 1529 1098 1573 ob-

338 1588 382 1631 li
401 1601 507 1645 gas
541 1586 598 1632 ef.
633 1588 733 1633 380.
758 1589 857 1632 381.
893 1589 1098 1644 manipu-

341 1647 414 1691 los
448 1648 670 1704 colligare
703 1661 775 1703 ap.
802 1647 901 1692 Cat.
940 1648 1036 1700 156,
1055 1649 1094 1690 2.

339 1706 460 1751 infra
493 1708 563 1751 93.
598 1706 800 1751 holisera
832 1708 877 1750 in
902 1706 1093 1751 fascicu-

338 1767 432 1811 lum
476 1766 760 1823 rediguntur.
806 1765 977 1811 fascem
1015 1767 1093 1811 be-

339 1831 491 1871 tarum
548 1825 692 1870 habes
745 1838 816 1882 ap.
867 1827 1089 1882 Pelagon,

339 1899 384 1943 p.
418 1884 492 1930 94.
542 1883 764 1930 fascem
809 1885 917 1929 olim
966 1885 1091 1929 volui

342 1958 426 2000 pro
461 1943 672 1989 fasces.
706 1944 797 1988 iam
829 1945 1090 2001 interpunc-

337 2005 465 2049 tione
498 2004 672 2048 sanavi.
707 2004 914 2048 mittes
938 2005 998 2048 ad
1023 2005 1090 2060 ig-

338 2077 453 2108 nem.
477 2089 528 2095 —
554 2064 608 2107 in
641 2076 888 2119 aequam
920 2064 1091 2120 passim

338 2136 453 2168 corr.
488 2136 573 2178 pro
606 2123 661 2166 in
694 2135 914 2178 aquam,
942 2123 1003 2167 ad
1021 2122 1089 2166 54.

338 2208 390 2212 -
418 2181 687 2226 ciminum
722 2183 898 2226 misces.
925 2208 976 2213 —-
1009 2194 1091 2226 ca-

334 2241 507 2286 roeni
549 2246 608 2286 et
661 2241 879 2285 cumini
929 2246 970 2293 β,
1019 2254 1091 2285 ea-

335 2301 465 2345 roeni
498 2305 546 2345 et
579 2301 787 2355 euminiy
817 2299 938 2344 florr.
972 2313 1091 2344 are-

333 2361 488 2404 niet
520 2361 806 2404 cuminum
839 2375 883 2402 π.
914 2385 966 2389 —-
1002 2359 1086 2403 de-

333 2432 515 2474 super
560 2432 645 2474 pro
705 2423 759 2463 et
806 2431 987 2474 super
1034 2432 1090 2463 ex

335 2481 392 2518 θκ
424 2482 471 2522 et
503 2478 602 2520 212.
628 2479 729 2522 216.
755 2477 904 2522 oleum
930 2490 1086 2533 super-

332 2537 589 2581 instillatur
644 2537 743 2581 167.
803 2537 1088 2592 dispargitur

336 2596 433 2640 135.
470 2608 611 2652 quare
644 2596 785 2640 abeat
816 2596 948 2640 Hum.
985 2609 1086 2639 cum

332 2669 416 2700 suo
469 2659 526 2699 et
568 2656 736 2710 piper
777 2667 1083 2710 asperges.

332 2740 386 2744 —
420 2714 594 2758 usitata
626 2713 776 2757 forma
808 2712 1008 2757 frusta
1039 2714 1085 2756 in

333 2775 403 2824 θκ,
446 2773 594 2818 rarior
637 2771 873 2816 frustra
904 2773 949 2816 in
982 2773 1086 2816 reli-

335 2832 450 2887 quis.
485 2832 529 2874 in
564 2832 775 2876 omnibus
802 2832 898 2875 117.
922 2832 1019 2875 135.
1038 2832 1085 2874 in

333 2903 414 2935 sex
449 2890 668 2933 134.167.
703 2896 952 2946 antequam
987 2903 1085 2934 cor-

332 2953 549 2995 rexerunt
605 2962 679 3007 ap.
739 2949 862 2994 Cael.
921 2948 1083 2994 Aurel.

1191 1349 1345 1395 chron.
1365 1350 1406 1402 4,
1424 1351 1466 1402 3,
1491 1350 1729 1395 Claudian.
1745 1352 1815 1403 20,
1832 1351 1933 1397 448.

1189 1410 1235 1453 in
1269 1423 1358 1454 uno
1387 1410 1487 1454 cod.
1506 1411 1646 1454 Macri
1663 1410 1784 1454 Flor.
1806 1412 1931 1455 1462.

1188 1469 1347 1525 sicque
1400 1468 1706 1521 „frustratim“
1757 1470 1802 1513 in
1849 1484 1930 1515 no·

1189 1529 1295 1572 stris
1331 1529 1428 1572 167.
1462 1533 1510 1573 et
1541 1530 1585 1572 in
1604 1529 1783 1585 aliquot
1800 1529 1932 1584 Apu-

1189 1587 1249 1631 lei
1281 1593 1387 1632 met.
1423 1589 1463 1639 2,
1499 1589 1536 1631 7.
1572 1614 1623 1618 —
1660 1589 1932 1644 coperies

1190 1645 1386 1691 formam
1410 1652 1694 1692 contractam
1713 1648 1932 1693 librorum

1185 1705 1361 1750 formae
1396 1708 1722 1762 cooperies
1746 1707 1820 1750 vel
1846 1720 1932 1752 co-

1184 1765 1467 1821 hoperies
1501 1771 1547 1810 et
1579 1767 1676 1810 369.
1715 1766 1810 1810 162.
1830 1766 1931 1811 448.

1183 1826 1396 1880 praetuli.
1432 1824 1488 1875 ef,
1537 1825 1717 1870 Lachm.
1751 1826 1812 1869 ad
1843 1827 1931 1870 Lu-

1185 1891 1294 1928 eret.
1330 1886 1370 1936 2,
1406 1885 1533 1929 1061.
1563 1909 1619 1915 --
1653 1891 1713 1929 ut
1747 1885 1931 1929 uteris

1182 1946 1319 1995 ῥ’θκπ.
1354 1948 1414 1988 ut
1446 1946 1640 1989 utaris
1673 1944 1758 2000 γδζ.

1270 2005 1330 2047 ad
1351 2004 1419 2046 64.
1440 2003 1727 2048 Varronis
1745 2021 1778 2059 γ.
1796 2004 1929 2047 Hum.

1183 2063 1390 2106 nesciens
1423 2064 1607 2106 nomina
1639 2063 1828 2119 propria
1845 2076 1929 2118 pro

1183 2122 1479 2177 appellativis
1512 2124 1643 2178 quasi
1676 2135 1821 2178 eaque
1844 2135 1928 2177 pro

1182 2181 1425 2226 adiectivis
1468 2187 1515 2226 et
1546 2182 1779 2237 epithetis,
1821 2180 1863 2224 h.
1898 2181 1928 2225 1.

1180 2253 1265 2295 pro
1313 2241 1667 2294 „varronianos“
1718 2240 1930 2284 adhiberi

1180 2312 1405 2354 posse.—
1444 2304 1501 2344 et
1533 2315 1599 2343 m.
1635 2300 1927 2344 decoctas

1181 2359 1316 2402 codd.
1337 2382 1386 2388 -ff-
1410 2371 1522 2414 qua
1554 2360 1749 2410 ratione,
1782 2359 1925 2402 lance.

1180 2429 1343 2473 aqua
1374 2434 1432 2472 y7r
1464 2419 1598 2462 Hum.
1640 2418 1696 2462 cf.
1733 2419 1829 2461 116.
1873 2443 1926 2449 -

1182 2489 1245 2520 eo
1261 2482 1357 2520 eta
1376 2477 1509 2520 codd.
1533 2478 1687 2521 malim
1706 2482 1925 2521 coctos,

1177 2561 1231 2568 ——-
1276 2537 1475 2591 potari
1523 2537 1657 2580 codd.
1707 2561 1766 2567 ——-
1813 2536 1927 2579 erit

1178 2595 1248 2639 ed.
1270 2609 1335 2650 pr.
1355 2609 1440 2650 pro
1474 2596 1664 2645 etiam,
1696 2596 1828 2639 Hum.
1852 2595 1922 2638 ed.

1176 2654 1271 2707 vel
1319 2654 1447 2698 sale
1494 2666 1643 2709 aqua
1687 2659 1744 2698 et
1787 2653 1924 2697 oleo

1175 2713 1227 2755 in
1260 2725 1319 2756 se
1354 2726 1597 2768 coques,
1629 2712 1925 2757 iusculum

1176 2770 1371 2815 facies
1406 2776 1461 2815 et
1491 2771 1767 2826 potabis:
1814 2785 1925 2815 me-

1175 2830 1292 2874 lius
1325 2830 1453 2875 erit.

1264 2889 1324 2932 ad
1358 2890 1426 2932 65.
1475 2889 1675 2933 albam
1710 2893 1769 2932 et
1802 2902 1920 2944 cap.

1177 2948 1310 2994 codd.
1360 2948 1421 2994 ad
1468 2949 1537 2994 59.
1608 2949 1814 3006 capita
1867 2961 1923 2993 ex
