2098 3470
619 318 719 364 Lib.
755 317 831 363 VI.
866 318 1107 376 Tropetes.
1591 318 1692 374 117

217 454 338 507 216.
382 451 617 506 Aliter
656 468 887 520 gruem
914 452 1024 505 vel
1052 458 1326 507 anatem
1354 470 1432 507 ex
1473 453 1691 522 rapis:

102 528 270 595 lava-S,
314 545 471 581 ornas
516 532 568 580 et
606 527 660 579 in
713 527 819 579 olla
859 525 1082 579 elixabis
1126 544 1240 580 cum
1269 545 1426 597 aqua,
1480 529 1593 582 sale
1645 535 1697 583 et

104 607 265 656 aneto
308 601 532 665 dimidia
574 605 788 654 coctura
858 616 1020 671 rapas
1062 616 1248 669 coque,
1303 607 1358 655 ut
1398 604 1696 656 exbromari

102 677 324 744 possint,
367 675 570 730 levabis
611 674 678 727 cle
733 675 853 727 olla.
909 678 961 727 et
1011 673 1219 727 interim
1273 677 1493 729 lavabis,
1551 682 1603 731 et
1640 677 1695 729 in

105 753 395 804 caccabum
435 749 596 802 mittis
637 753 851 800 anatem
891 765 1007 801 cum
1063 748 1182 803 oleo
1226 756 1277 804 et
1316 751 1603 820 liquamine
1645 758 1696 804 et

102 823 360 878 fasciculo
402 824 544 892 porri
586 827 637 876 et
678 821 960 875 coriandri
1006 838 1189 889 rapam
1233 825 1394 877 lotam
1438 830 1489 878 et
1527 826 1694 878 minu-

103 899 251 951 tatim
293 898 559 952 concisam
602 896 835 964 desuper
874 894 1051 961 mittis,
1105 898 1274 952 facies
1314 903 1370 952 ut
1423 904 1695 967 coquatur,

105 973 284 1046 media
326 977 541 1026 coctura
581 970 741 1023 mittis
783 969 1064 1023 defrictum
1105 978 1160 1024 ut
1200 974 1414 1037 coloret.
1465 974 1546 1027 ius
1587 974 1696 1027 tale

104 1048 348 1116 parabis:
391 1046 561 1116 piper,
605 1044 867 1110 ciminum,
912 1042 1265 1114 coriandrum,
1319 1048 1506 1101 lasaris
1558 1047 1695 1101 radi-

107 1139 240 1189 cem,
283 1119 542 1175 suffundis
583 1126 792 1173 acet-um
835 1123 887 1171 et
925 1118 1006 1170 ius
1056 1117 1124 1174 de
1164 1138 1258 1174 suo
1300 1122 1414 1175 sibi.
1456 1123 1696 1177 reexina-

106 1195 221 1250 nies
262 1211 423 1264 super
460 1198 671 1247 anatem
715 1198 767 1245 et
792 1191 1014 1246 ferveat.
1058 1209 1174 1247 cum
1212 1196 1480 1263 fervuerit,
1520 1197 1697 1250 amolo

107 1271 372 1339 obligabis
415 1273 467 1322 et
505 1284 666 1339 super
704 1283 864 1337 rapas
905 1265 1126 1337 adicies,
1168 1270 1323 1338 piper
1363 1271 1611 1340 aspargis
1647 1276 1700 1325 et

106 1362 365 1413 appones

111 1493 152 1534 p.
191 1479 289 1521 299.
325 1501 376 1508 ——
414 1476 618 1520 calido
653 1475 863 1519 codicum

111 1537 381 1582 confusione
426 1536 525 1580 179.
574 1535 690 1579 Cels.
736 1535 778 1585 4,
822 1535 862 1576 8.

108 1596 275 1652 Veget.
311 1596 351 1646 5,
380 1595 453 1646 46,
478 1597 544 1638 11.
579 1595 747 1639 ductus
766 1606 863 1638 cor-

108 1657 205 1699 rexi
240 1655 462 1698 valido.
485 1679 532 1684 ——
557 1654 755 1699 nervis
789 1666 864 1696 co-

110 1716 195 1765 rio,
230 1715 343 1758 Plin.
378 1714 531 1757 Valer.
568 1716 608 1763 2,
637 1715 706 1757 47.
743 1712 863 1756 unde

112 1787 332 1818 enervare
365 1773 598 1824 haeuteln,
633 1774 693 1817 ad
725 1772 803 1816 Sil.
818 1771 861 1822 4,

107 1834 207 1877 291.
257 1833 296 1876 is
344 1833 478 1877 labor
533 1833 701 1877 dicitur
758 1831 857 1874 234.

112 1893 352 1938 eliberare.
375 1918 425 1923 -
461 1897 860 1948 sequetur-ma-

105 1965 210 1995 num
270 1957 412 2002 tuam,
461 1964 551 1995 non
609 1954 859 2006 rumpetur.

111 2011 287 2055 Colum.
327 2012 394 2061 11,
414 2011 456 2061 3,
474 2010 544 2053 45.
580 2010 709 2054 Varr.
733 2008 860 2061 1‚47‚

109 2071 146 2113 1.
191 2096 243 2102 --
290 2069 651 2114 manducare
685 2083 740 2114 ex
772 2071 860 2120 βθκ

106 2143 190 2185 pro
227 2142 310 2173 ma
327 2129 591 2174 nducari.
644 2131 855 2185 ‚‚p0test“

107 2188 204 2233 scil.
241 2195 313 2232 est
348 2188 475 2244 quod
508 2188 619 2234 licet
639 2191 734 2233 133.
757 2187 856 2231 266.

194 2249 255 2292 ad
288 2248 386 2291 216.
432 2261 497 2292 ex
530 2249 693 2303 rapis
725 2253 767 2299 β.
801 2246 856 2289 Η.

106 2321 191 2363 pro
225 2307 490 2362 excipis,
546 2333 591 2337 -·
641 2307 858 2351 exilia-

106 2367 198 2410 bis
241 2368 285 2410 in
329 2379 424 2410 sex.
470 2392 522 2397 -μ
568 2367 722 2410 media
756 2378 857 2410 coc-

108 2431 213 2468 tura
245 2430 430 2469 anetum
463 2425 662 2470 adicitur
689 2431 736 2470 et
756 2426 854 2468 213.

112 2497 212 2527 cum
260 2484 467 2528 bullierit
515 2485 611 2527 179.
658 2511 707 2515 —-
762 2498 857 2528 co-

111 2557 219 2599 que
253 2556 367 2587 corr.
401 2557 485 2599 pro
510 2557 750 2600 quoque.
786 2556 859 2588 ea-

109 2603 210 2646 dem
251 2601 460 2647 confusio
474 2615 547 2658 ap.
564 2602 717 2647 Seren.
738 2603 857 2648 Sam.

106 2662 206 2704 474.
250 2661 464 2705 confudit
504 2662 642 2706 etiam
674 2662 753 2707 ille
785 2675 857 2717 ap.

109 2721 297 2772 Quintil.
333 2721 374 2770 6,
407 2722 449 2773 3,
466 2721 539 2765 47.
569 2746 622 2750 —
657 2722 860 2766 exbro-

108 2780 249 2823 mari
284 2780 420 2824 codd.
450 2781 553 2825 coll.
575 2780 674 2825 270.
709 2781 757 2824 id
779 2795 859 2825 no-

106 2853 213 2882 vum
277 2839 467 2883 verbum
530 2843 602 2884 est
658 2840 858 2885 molesto

108 2898 253 2942 odore
297 2898 529 2954 depurari,
577 2898 859 2945 immundum

105 2957 311 3011 odorem,
346 2958 470 3007 virus
492 2956 721 3013 amittere,
751 2959 858 3019 βρό-

955 1494 1036 1529 μος
1067 1478 1184 1521 enin]
1219 1491 1301 1522 seu
1333 1481 1506 1533 ,θρῶμος
1524 1483 1594 1522 est
1621 1478 1699 1522 lat.

955 1537 1095 1587 virus,
1127 1534 1355 1592 βρομώδης
1386 1537 1581 1589 virosus,
1621 1537 1702 1581 im-

954 1596 1164 1640 mundus.
1213 1596 1268 1640 cf.
1319 1596 1519 1654 Hesych.
1571 1598 1608 1639 1.
1656 1610 1700 1652 p.

958 1656 1055 1699 769.
1090 1654 1282 1700 Salmas.
1303 1656 1347 1699 in
1366 1656 1459 1700 Sol.
1478 1669 1521 1711 p.
1542 1656 1641 1700 255.
1656 1657 1699 1700 b.

956 1714 1232 1759 Schleusner
1263 1717 1371 1759 Lex.
1388 1716 1433 1759 in
1450 1715 1553 1759 Vet.
1574 1715 1699 1760 Test.

958 1776 997 1817 1.
1041 1787 1083 1829 p.
1129 1775 1228 1818 588.
1274 1775 1373 1818 589.
1417 1774 1608 1819 Lobeck
1641 1774 1703 1818 ad

951 1832 1119 1890 Phryn.
1185 1847 1231 1889 p.
1292 1835 1388 1877 156.
1457 1834 1703 1886 „bromosa

951 1892 1119 1936 ubera“
1157 1894 1334 1937 codicis
1365 1892 1529 1937 keuch.
1553 1893 1702 1949 magis

952 1952 1110 2007 placet
1158 1966 1295 2008 quam
1357 1953 1564 2006 „virosa“
1625 1965 1699 2008 ap.

953 2013 1106 2055 Seren.
1142 2011 1263 2056 Sam.
1299 2024 1397 2067 cap.
1432 2012 1502 2055 59.
1539 2037 1593 2042 ——
1626 2012 1702 2055 in-

952 2071 1125 2115 terim
1175 2084 1288 2115 corr.
1338 2084 1422 2126 pro
1476 2071 1701 2115 iterum.

953 2130 1195 2174 lavabis
1237 2134 1309 2174 est
1342 2130 1612 2174 exsiccabis.
1648 2155 1700 2160 —-—

951 2189 1141 2233 lotam
1186 2189 1466 2234 exsiccatam
1510 2188 1565 2233 cf.
1602 2190 1700 2233 169.

950 2273 1002 2278 —-
1023 2249 1221 2293 mittis
1253 2249 1485 2306 adignem
1523 2274 1576 2280 —
1599 2262 1702 2293 me-

950 2307 1048 2350 dia
1082 2321 1195 2352 corr.
1241 2322 1325 2363 pro
1370 2308 1602 2352 modica
1645 2323 1703 2352 ex

952 2367 1050 2411 153.
1084 2368 1185 2411 369.
1219 2368 1320 2411 381.
1375 2368 1567 2411 dimidia
1599 2368 1701 2412 234.

949 2426 1050 2470 401.
1071 2439 1217 2483 prope
1237 2431 1472 2471 cocturam
1485 2428 1584 2470 213.
1600 2427 1699 2471 234.

951 2509 1006 2518 —
1066 2498 1333 2542 appones
1380 2485 1562 2531 inferes
1627 2500 1701 2530 co-

953 2546 1125 2600 quendi
1158 2545 1278 2589 ratio
1312 2544 1428 2590 haec
1460 2550 1554 2590 est:
1588 2558 1702 2590 anas

952 2604 1027 2647 vel
1069 2618 1179 2660 grus
1213 2604 1257 2647 in
1302 2604 1397 2649 olla
1430 2618 1531 2648 cum
1565 2617 1700 2661 aqua,

951 2663 1049 2707 sale
1069 2668 1116 2708 et
1144 2669 1284 2707 aneto
1303 2664 1363 2707 ad
1381 2664 1578 2708 mediam
1598 2678 1701 2709 coc-

951 2727 1100 2766 turam
1135 2723 1346 2774 elixatur,
1389 2727 1487 2767 tum
1519 2724 1702 2769 levatur

951 2788 999 2826 et
1031 2783 1230 2827 mittitur
1260 2783 1306 2826 in
1340 2783 1589 2827 caccabum
1623 2783 1701 2830 ubi

949 2842 1085 2898 plene
1120 2848 1348 2898 coquatur
1366 2856 1467 2886 cum
1486 2842 1591 2887 oleo
1611 2847 1699 2887 cet.

950 2901 1114 2946 eodem
1147 2906 1356 2958 tempore
1398 2914 1513 2958 rapa
1545 2902 1700 2960 coqui-

951 2966 1024 3006 tur
1055 2962 1100 3008 in
1135 2961 1230 3007 olla
1261 2965 1309 3007 et
1342 2965 1477 3006 cocta
1503 2961 1698 3017 levatur,
